3728 5508
295 450 334 511 24
891 441 1024 499 Eusebius

295 613 407 678 ταῦτα
422 607 530 679 εἰπιδν
545 612 601 677 καί
617 614 780 694 προσθείς
802 608 900 697 ἕτερα
922 612 969 691 είς
991 604 1191 697 ἀνατροπὴν
1214 612 1276 677 τοῦ
1290 604 1360 696 πρό
1375 613 1448 677 τῶν
1471 606 1611 677 αἰώνων
1630 622 1665 676 29

296 713 501 797 γεγενῆσθαι
531 707 595 779 τὸν
625 703 709 792 υίόν,
732 711 879 796 ἐπιλέγει
909 703 1025 790 αῦτοῑς
1051 704 1194 797 ῥήμασιν

361 811 430 895 (Nr.
446 816 498 895 19)
521 802 605 891 ἀξιῶ
638 813 673 879 δὲ
704 806 786 889 τοῦς
816 804 1085 897 ἐντυγχάνοντας
1106 812 1180 878 τῶν
1201 800 1323 894 άγίοιν,
1346 802 1492 895 οδσπερελ
1514 809 1612 891 σπέρ·

360 936 451 997 ματα
465 913 520 978 καὶ
536 903 639 997 ἀρχάς
659 913 759 996 τήσδε
782 911 843 995 τής
864 904 1050 996 ἐξηγήσεως
1072 902 1214 994 άληθῶς
1237 901 1428 994 εἰληφότας,
1450 913 1612 987 πλείονας

262 1026 279 1079 5
362 1004 549 1094 ἀποδείξεις
570 1018 771 1094 προσθεῖναι
793 1022 865 1088 τοῖς
887 1010 1085 1095 εἰρημένοις,
1113 1002 1202 1076 ὥστε
1232 1008 1282 1076 ἔτι
1302 1011 1434 1095 μᾶλλον
1455 1004 1517 1087 τὰς
1538 1011 1612 1075 τῶν

362 1115 459 1196 [περὶ]
491 1106 556 1196 τήν
577 1114 695 1177 πίστιν
717 1104 996 1196 διαστρεφόντων
1017 1109 1211 1193 ἐλέγχεσθαι
1238 1110 1455 1194 προαιρέσεις.
1499 1098 1611 1187 ὄντως

361 1207 424 1296 γὰρ
441 1203 525 1276 θεὸν
540 1204 604 1276 τὸν
619 1203 829 1295 γεννήσαντα
845 1201 969 1289 αῦτοὺς
988 1209 1240 1294 »ἐγκατέλιπον
1254 1213 1311 1275 καὶ
1327 1202 1464 1296 ὤρυξαν
1479 1205 1612 1285 ἑαυτοῖς

361 1302 507 1387 λάκκους
529 1309 860 1393 συντετριμμένουςι.

299 1411 302 1493 )
333 1412 477 1477 τοιαῦτα
506 1410 562 1475 καί
593 1403 647 1475 διδι
676 1403 815 1475 τούτων
837 1401 1120 1494 λοιδορησάμενος
1151 1405 1225 1493 ἑξῆς
1255 1409 1413 1493 πειρᾶται
1444 1401 1613 1475 δεικνύναι
1632 1412 1719 1482 30124

247 1521 280 1577 10
298 1499 353 1577 ότι
375 1510 456 1595 μηδὲ
479 1505 581 1575 εἰκιδν
603 1510 666 1574 τοῦ
687 1511 773 1575 θεοῦ
794 1499 928 1575 ἐστιν
909 1532 928 1575 ο
950 1500 1032 1587 υἱός,
1055 1509 1167 1592 λέγων
1192 1497 1304 1585 οῦτοος

361 1607 430 1690 (Nr
450 1610 503 1692 80)
537 1600 733 1676 ἀκόλουθον
756 1600 899 1692 ἡγοῦμαι
920 1609 1042 1690 βραχέα
1063 1609 1218 1690 καὶπερὶ
1246 1608 1308 1691 τῆς
1337 1600 1470 1685 εἰκόνος
1498 1604 1613 1719 elmon.

362 1711 529 1794 γέγραφεν
558 1700 634 1794 γάρ·
668 1703 790 1786 άλλος
820 1709 862 1773 δέ
890 1706 1001 1773 ἐστιν
1031 1697 1112 1789 δέξ
1142 1698 1266 1773 αῦτοῦ
1296 1709 1522 1792 γεννηθείς,
1548 1694 1614 1783 »ῦς

361 1808 473 1875 ἐστιν
496 1805 617 1876 εἰκών
640 1811 712 1875 τοῦ
733 1809 830 1875 θεοῦ
852 1809 924 1874 τοῦ
946 1799 1159 1891 ἀοράτουε.
1196 1797 1326 1885 εἰκόνος
1351 1799 1406 1873 διὰ
1430 1808 1538 1873 τοῦτο·
1559 1807 1614 1889 με’-

362 1931 486 1994 μνηται
523 1910 608 1976 θεοῦ
645 1897 797 1990 ἀοράτου
824 1898 1005 1991 Ἀστέριος,
1042 1904 1095 1972 ἵνα
1124 1908 1293 1975 τοσοῦτον
1329 1901 1392 1973 τὸν
1428 1899 1512 1972 θεὸν
1549 1906 1614 1972 τοῦ

248 2021 280 2075 15
362 2001 469 2091 λόγου
492 2009 664 2090 διαφέρειν
686 2000 818 2090 διδάξῃ,
851 1994 933 2073 ὅσον
962 2008 1019 2073 καί
1041 2000 1231 2090 άνθροοπος
1253 2007 1314 2090 τής
1336 2003 1459 2073 ἑαυτοῦ
1482 1996 1614 2083 εἰκόνος

363 2108 535 2190 διαφέρειν
557 2108 656 2174 δοκεῖ.

300 2209 356 2271 καὶ
377 2199 503 2289 μεταξύ
526 2230 603 2271 τινα
625 2202 733 2272 εἰπὼν
754 2205 906 2289 έπιφέρει
1630 2237 1665 2292 31

364 2303 432 2387 (Nr.
455 2308 507 2386 82)
538 2296 664 2372 οῦκοῦν
685 2296 873 2387 πρόδηλον,
901 2293 957 2370 δτι
986 2296 1053 2385 πρὸ
1085 2306 1146 2389 τῆς
1176 2306 1239 2373 τοῦ
1261 2296 1426 2389 ἡμετέρου
1452 2300 1613 2389 σώματος

364 2397 569 2489 ἀναλήψεως
591 2394 610 2470 δ
634 2395 736 2490 λόγος
749 2394 829 2470 καθ>
852 2396 975 2469 ἑαυτὸν
997 2395 1059 2470 οῦκ
1081 2390 1124 2489 ήν
1139 2402 1244 2472 εἰκοδν
1265 2406 1329 2473 τοῦ
1346 2396 1498 2489 ἀοράτου
1520 2404 1613 2470 θεοῦ.

248 2514 283 2569 20
364 2498 429 2588 τήν
444 2498 507 2588 γὰρ
521 2496 636 2571 εἰκόνα
659 2494 805 2587 δρᾶσθαι
826 2494 998 2587 προσήκει,
1021 2498 1076 2569 ἳνα
1097 2498 1153 2570 διὰ
1175 2505 1236 2589 τῆς
1256 2495 1388 2582 εἰκόνος
1403 2497 1445 2570 τὸ
1461 2504 1548 2582 τέως
1567 2496 1613 2587 μή

364 2593 541 2687 δρώμενον
563 2593 709 2685 δρᾶσθαι
731 2596 880 2687 δύνηται.

299 2705 356 2769 καὶ
378 2702 524 2787 ἐπιλέγει

363 2801 432 2882 (Nr.
448 2802 500 2882 82)
530 2803 606 2878 πῶς
638 2788 702 2867 οῦν
731 2794 868 2867 εἰκόνα
898 2802 970 2867 τοῦ
1000 2791 1176 2884 ἀοράτου
1206 2803 1307 2871 θεοῦ
1339 2795 1403 2868 τὸν
1432 2802 1496 2869 τοῦ
1527 2802 1614 2868 θεοῦ

363 2893 468 2985 λόγον
491 2892 658 2983 Ἀστέριος
681 2895 767 2967 εἶναι
796 2899 976 2984 γέγραφεν;
1001 2896 1035 2965 αἰ
1058 2896 1120 2985 γὰρ
1142 2892 1268 2980 εἰκόνες
1290 2895 1429 2968 τούτων
1452 2887 1504 2968 οῦν
1527 2901 1614 2967 εἰσιν

364 2990 492 3078 εἰκόνες
513 3000 567 3064 καί
597 2990 762 3065 ἀπόντων
791 2998 953 3065 δεικτικαί
974 2999 1071 3079 εἰσιν,
1099 2992 1188 3067 ὥστε
1217 3001 1273 3065 καί
1302 2993 1367 3067 τόν
1400 2991 1538 3068 ἀπόντα
1569 2989 1612 3065 δι’

364 3090 481 3165 αῦτοῦν
511 3101 694 3181 φαίνεσθαι
724 3097 844 3164 δοκεῖν.
896 3098 925 3163 εἰ
954 3099 990 3165 δὲ
1020 3099 1083 3166 τοῦ
1112 3100 1197 3165 θεοῦ
1220 3100 1305 3180 [τοῦ]
1329 3089 1482 3183 ἀοράτου
1510 3087 1613 3175 ὄντος
1631 3109 1668 3164 32

363 3191 514 3281 ἀόρατον
541 3193 626 3264 εἰναι
649 3198 704 3262 καὶ
727 3191 791 3263 τὸν
818 3188 922 3280 λόγον
948 3201 1131 3281 συμβαίνει,
1157 3200 1232 3276 πῶς
1254 3194 1376 3265 εἰκιδν
1397 3200 1469 3266 τοῦ
1495 3189 1613 3281 ἀορά-

362 3321 434 3364 του
456 3299 555 3364 θεοῦ
578 3287 597 3363 δ
622 3288 725 3380 λόγος
748 3287 826 3361 καθ’
853 3289 975 3363 ἑαυτὸν
1004 3293 1089 3362 εῖναι
1111 3291 1262 3377 δύναται,
1292 3299 1348 3364 καί
1379 3290 1485 3376 αῦτός
1514 3288 1614 3380 ἀόρα·

361 3420 422 3474 τος
444 3419 510 3477 ιον;

247 3511 281 3565 30
297 3499 354 3563 καί
376 3493 511 3579 προϊών
534 3482 632 3571 αὖθις
654 3494 812 3575 λοιδορεῖ,
835 3493 947 3576 λέγων
970 3484 1080 3572 οῦτοις

361 3595 431 3679 (Nr.
452 3600 505 3677 24)
533 3597 608 3672 πῶς
636 3581 698 3661 οῦν
726 3591 758 3659 οἱ
786 3585 944 3675 »πλήρεις
974 3584 1078 3661 δόλου
1106 3596 1162 3659 καί
1184 3590 1433 3681 δῲιουργίαςτ,
1465 3587 1614 3663 ἀποστο-

360 3696 466 3771 λικῶς
498 3695 621 3769 εἰπεῖν,
653 3692 897 3775 μεταφέρουσιν
920 3684 960 3757 τδ
983 3685 1090 3775 ῥητὸν
1120 3693 1166 3771 εἰς
1189 3688 1262 3779 τήν
1283 3690 1452 3779 πρώτην
1473 3686 1615 3771 αὐτοῦ,

361 3785 409 3868 τός
432 3792 572 3869 οἰονται,
595 3793 743 3869 κτίσιν,
773 3793 829 3855 καὶ
859 3792 967 3856 ταῦτα
990 3792 1053 3857 τοῦ
1082 3791 1185 3857 Δαυὶδ
1208 3795 1285 3875 περὶ
1312 3794 1374 3878 τῆς
1394 3788 1482 3858 κατά
1505 3786 1616 3876 σάρκα

360 3884 469 3957 αὐτοῦ
490 3891 652 3972 γενέσεως
674 3891 793 3970 σαφῶς
816 3880 1003 3973 εἰρηκότος·

245 4005 279 4058 35
297 3991 354 4057 καὶ
380 3985 505 4074 μεταξὺ
528 3982 665 4104 τοῦτριν
685 3982 816 4072 μακρὸν
837 3992 1038 4067 κατατείνας
1060 3981 1164 4073 λόγον
1185 3989 1336 4075 έπιφέρει
1633 4015 1669 4068 33

361 4087 431 4169 (Nr.
446 4090 500 4170 85)
524 4091 558 4153 τί
586 4074 648 4153 οῦν
671 4080 757 4170 πρὸς
782 4087 889 4153 ταῦτα
911 4087 1012 4169 λέξεο·
1048 4083 1090 4155 οδ
1122 4083 1184 4174 γὰρ
1215 4086 1306 4176 οἶμαι
1329 4081 1437 4159 αῦτδν
1459 4089 1549 4173 ἔχειν
1581 4114 1615 4156 τι

386 4253 400 4307 7
430 4253 483 4307 Jer
510 4251 721 4310 218-12
749 4250 1040 4314 ΚοΙ.1,15-81
1068 4255 1128 4307 Διί.
1154 4256 1193 4322 13,
1213 4256 1300 4310 10-
1323 4253 1363 4311 88
1381 4256 1425 4309 Ρε.
1446 4257 1504 4322 108,
1523 4258 1540 4312 8
1559 4256 1616 4325 vgl.

297 4354 322 4406 S.
343 4352 454 4416 12,17s

382 4502 491 4569 8περί
508 4510 573 4558 <r
604 4500 609 4567 Ι
641 4498 872 4571 διαστραφέντοιν
892 4500 980 4567 Ζιδιο,
999 4499 1070 4557 doch
1087 4503 1143 4572 vgl.
1161 4503 1288 4575 Register
1312 4508 1316 4574 )
1342 4506 1381 4562 14
1409 4505 1493 4577 θεοῦ]
1513 4513 1547 4570 -l-
1566 4514 1619 4563 τοῦ

298 4621 324 4655 ιο
352 4604 356 4670 Ι
384 4602 422 4657 28
439 4609 491 4656 τοῦ
509 4610 542 4658 <
560 4600 624 4655 and.
642 4602 680 4654 St.
