3698 5510
596 485 631 542 de
648 485 833 542 ecelesiastica
848 486 992 557 theologia
1008 486 1034 540 II
1053 486 1093 540 14„
1438 492 1497 552 117

189 648 377 739 συμπαρών
398 644 494 772 αύτῷ
524 645 576 721 ύεί
605 655 661 720 καί
682 645 850 721 πύντοτε
887 643 906 720 5
933 648 974 738 55
995 655 1051 720 καί
1072 655 1222 770 παρίστη
1244 654 1355 737 λέγων
1383 641 1498 718 ικαὶ“
1478 676 1498 718 ο
1516 663 1549 717 15

189 746 290 836 λόγος
312 740 357 839 ῆν
372 748 465 874 κρῆς
487 746 550 821 τὸν
571 745 686 820 θεύνι
728 753 801 821 ἐπεὶ
831 755 867 822 δὲ
895 744 1048 838 έχρῆν
1024 755 1113 869 ημᾶς
1142 754 1277 869 γνῶμαι
1296 754 1351 819 καί
1374 742 1499 820 δποίου

187 844 339 969 ῦπῆρχεν
361 844 567 938 ύξιοδματος,
599 843 792 938 ἀναγκαίως
824 855 975 939 συνῆψεν
997 845 1038 920 τὸ
1062 852 1136 920 »καί
1156 846 1238 930 θεὸς
1259 838 1302 937 ῆν
1326 842 1345 918 5
1368 844 1500 937 λύγοςι.

187 955 262 1032 πῶς
284 948 351 1038 γὰρ
374 944 437 1021 οῦκ
457 949 596 1038 έμελλεν
616 946 698 1032 θεὸς
720 943 845 1021 εἶναι’
825 977 844 1020 ο
867 953 904 1020 έκ
926 977 989 1021 του
973 945 1087 1030 ’ἑνὸς
1109 954 1166 1019 καί
1185 945 1294 1035 μόνου
1308 941 1500 1037 ύγεννῆτου

155 1054 272 1121 σθεοῦ
294 1055 489 1137 γεννηθείς·
518 1053 547 1119 εί
568 1047 632 1137 γὰρ
653 1048 696 1122 τὸ
722 1053 985 1139 »γεγεννημένον
1006 1051 1043 1119 ἐκ
1065 1053 1127 1136 τῆς
1148 1045 1272 1137 σαρκὸς
1293 1044 1376 1136 σύρξ
1397 1050 1498 1129 έστιν,

186 1154 241 1218 καί
264 1146 308 1221 τὸ
334 1153 577 1239 γεγεννημένον
590 1151 629 1219 ἐκ
650 1154 714 1220 τσῦ
737 1147 931 1238 πνεύματος
951 1145 1082 1236 πνεῦμύ
1103 1151 1214 1220 ίστινι
1238 1144 1326 1219 κατὰ
1348 1145 1413 1235 τῆν
1434 1169 1499 1217 σω-

187 1244 321 1371 τῆριον
341 1253 572 1332 διδασκαλίαν,
603 1245 808 1331 ἀκολούθως
836 1254 893 1320 καί
922 1246 965 1319 τὸ
995 1253 1240 1338 γεγεννημένον
1265 1250 1303 1318 έκ
1328 1252 1392 1318 τοῦ
1412 1251 1498 1317 θεοῦ

186 1344 321 1431 θεός”
300 1376 346 1418 αν
375 1351 434 1437 είη.
477 1345 530 1418 διὸ
559 1354 617 1419 καί
646 1345 746 1431 »θεὸς
768 1339 856 1438 ῆνὸ
888 1345 1023 1437 λδγοςι·
1058 1353 1113 1419 καί
1139 1345 1222 1431 θεὸς
1242 1342 1421 1435 ποιητικὸς
1441 1351 1498 1415 καί
1515 1359 1548 1414 16

186 1444 429 1568 δημιουργικὰς
446 1442 602 1518 πάντων.
646 1439 665 1516 5
698 1445 740 1537 δῆ
769 1455 826 1518 καὶ
856 1443 941 1519 αῦτὸ
971 1441 1231 1569 παρέστησενι
1211 1476 1231 1517 ο
1262 1441 1498 1535 εῦαγγελιστῆς

141 1558 172 1613 10
185 1546 262 1635 ἑξῆς
289 1545 333 1617 τὸ
363 1542 495 1618 »πύντα
516 1542 562 1617 δι’
585 1542 692 1619 αύτου
676 1550 910 1636 έγένετοιέ
911 1543 1111 1634 πισυνύφας.
1153 1542 1172 1617 5
1202 1552 1263 1666 μέν
1293 1536 1356 1617 οῦν
1380 1549 1500 1617 παιδα-

187 1643 300 1735 γωγὸς
324 1641 429 1736 νόμος
450 1645 505 1718 διὰ
527 1651 681 1730 Μωσέως
710 1651 748 1718 έν
770 1653 813 1736 τῆ
838 1653 1042 1739 κσσμοπσιίη
1069 1645 1135 1719 τὸν
1159 1644 1244 1717 θεὸν
1265 1642 1415 1735 ποιητῆν
1436 1649 1500 1715 τοῦ

186 1744 321 1829 παντὸς
351 1741 497 1834 είσύγων
531 1742 679 1834 στοιχεῖά
708 1773 747 1817 τε
776 1754 833 1817 καί
863 1746 1045 1868 εἰσαγωγῆς
1074 1754 1265 1833 θεοσεβείας
1292 1742 1500 1833 παραδιδούς

186 1850 371 1932 ἐδίδασκεν,
394 1851 505 1966 λέγων
538 1840 635 1916 κέν’
614 1852 699 1935 αρχῆ
729 1840 934 1968 έποίησεν’
915 1875 934 1917 ο
965 1844 1047 1929 θεὸς
1077 1843 1141 1918 τὸν
1170 1840 1318 1934 οῦρανὸν
1348 1849 1404 1916 καί
1433 1842 1499 1962 τῆν

186 1949 267 2034 γῆνι
293 1951 352 2016 καί
373 1943 417 2017 τὰ
439 1942 589 2065 τούτοις
607 1945 697 2033 έξῆς,
728 1938 773 2017 δι’
801 1973 852 2016 ων
882 1943 946 2017 τδν
965 1940 1137 2017 Ἰουδαίων
1161 1950 1391 2034 παιδαγωγοῦν
1414 1939 1499 2014 λαὸν
1516 1957 1548 2013 17

141 2063 171 2117 16
186 2043 336 2135 γενητὸν
358 2043 501 2116 εἶναι
465 2072 529 2116 τον
549 2038 678 2131 κόσμον
700 2039 855 2133 ῆγείσθαι
875 2043 1033 2166 παρῆνει,
1063 2044 1150 2133 πρὸς
1171 2043 1213 2116 τὸ
1234 2043 1279 2136 μῆ
1301 2042 1366 2134 τῆν
1386 2050 1500 2164 κτίριν

190 2144 302 2234 »παρὰ
325 2143 389 2217 τὸν
408 2152 590 2216 κτίσανται
615 2136 787 2228 σέβειν.“
767 2172 864 2228 οπως
885 2139 964 2217 55‘
944 2174 963 2215 ο
986 2143 1068 2227 θεὸς
1088 2150 1144 2216 καί
1166 2143 1220 2215 διὰ
1243 2151 1338 2226 τίνος
1360 2141 1403 2214 τὰ
1422 2138 1499 2231 σύμ·
1516 2156 1549 2213 18

186 2273 303 2317 παντα
325 2240 544 2334 ἐδημιούργει,
565 2249 623 2317 58'
650 2239 765 2314 ούκέτι
785 2250 913 2334 Μωσῆς
934 2263 1007 2328 τοῖς
1027 2239 1085 2317 ὕπ’
1102 2241 1209 2315 αὐτὸν
1222 2246 1413 2330 παρεδίδου,
1437 2235 1496 2331 ›5‹

188 2350 223 2416 55
255 2341 370 2433 »χύρις
398 2350 454 2415 καί
484 2339 506 2433 5
533 2339 677 2432 ύλῆθεια
707 2340 761 2414 διὰ
781 2337 887 2433 Ἰησοῦ
910 2349 1077 2434 Χριστοῦι
1110 2341 1152 2414 τὸ
1183 2348 1417 2463 σεσιγημένου
1430 2337 1498 2412 ῦπὸ

189 2450 345 2527 Μωσέως
365 2439 552 2533 μυστῆρισν
574 2438 848 2532 εῦαγγελιξομένη
873 2449 1074 2531 καινοτέρας
1103 2449 1160 2514 καὶ
1181 2447 1344 2534 μυστικῆς
1374 2448 1417 2530 τῆ
1445 2445 1498 2512 ἐκ·

140 2555 172 2611 20
187 2551 312 2636 κλησίᾳ
333 2548 397 2616 τοῦ
418 2547 503 2615 θεοῦ
527 2547 674 2632 κατῆρξε
695 2546 925 2626 διδασκαλίας,
956 2541 1118 2632 ἄντικρυς
1140 2560 1213 2624 τοῖς
1234 2546 1338 2614 πᾶσιν
1359 2546 1407 2622 είς
1429 2536 1498 2624 ἐξύ·

186 2666 337 2715 κσυστον
366 2648 482 2727 βοῶσα
511 2641 553 2712 τὸ
586 2644 642 2712 »έν
621 2637 748 2731 νύρχῆ
770 2632 813 2731 ῆν
833 2635 853 2713 5
876 2639 992 2731 λόγος,
1018 2635 1116 2712 καὶ(
1097 2671 1116 2713 ο
1138 2637 1239 2731 λόγος
1260 2631 1303 2730 ῆν
1324 2639 1411 2728 πρὸς
1433 2637 1497 2710 τὸν

186 2739 288 2827 θεόν,
314 2748 370 2814 καὶ
391 2740 474 2826 θεὸς
495 2733 539 2832 ῆν
560 2735 580 2813 5
601 2739 740 2831 λόγοςι,
765 2747 821 2811 καί
843 2739 884 2813 τὸ
910 2736 1043 2813 ιπύντο
1064 2737 1109 2814 δι’
1133 2735 1239 2813 αῦτου
1223 2743 1410 2827 ’,ἐγένετο
1439 2744 1496 2809 καὶ

186 2848 293 2932 χωρίς
323 2837 431 2914 αῦτοῦ
439 2843 593 2964 έγένετρ
624 2838 703 2914 οῦδὲ
733 2841 804 2924 ένε,
839 2846 895 2912 καί
925 2842 977 2911 ἔτι
1007 2838 1146 2961 τούτοις
1175 2850 1364 2962 προσθεῖσα
1386 2837 1427 2910 τὸ
1458 2830 1496 2908 »5
1514 2851 1547 2908 19

186 2947 327 3069 γέγονεν
348 2935 596 3063 5555155505
617 2933 670 3032 ῆν,
703 2946 709 3030 Ι
740 2937 884 3031 καλῆς
866 2940 937 3030 ζωῆ
959 2932 1002 3062 ῆν
1024 2939 1068 3062 τῆ
1088 2947 1165 3028 φιῦς
1191 2969 1265 3012 των
1286 2934 1497 3028 ἀνθρώπων.
1482 2951 1575 3008 124

140 3055 171 3113 25
187 3049 242 3163 κρὶ
268 3041 309 3113 τὸ
332 3046 407 3128 φῶς
428 3043 465 3112 έν
487 3047 529 3129 τῆ
551 3049 671 3132 σκοτίᾳ
692 3048 839 3128 φαίνεις,
860 3047 918 3111 καί
939 3039 983 3111 τὰ
1004 3038 1142 3123 τούτοις
1168 3036 1354 3123 ύκύλουθα,
1377 3034 1422 3110 δι’
1446 3031 1497 3110 ὦν

189 3141 252 3213 τὸν
273 3141 349 3214 υίὸν
371 3145 434 3213 τοῦ
455 3144 541 3213 θεοῦ
561 3139 670 3212 καὶ
633 3170 676 3212 τα
690 3142 844 3230 ἐξαίρετα
866 3168 930 3212 του
914 3147 1050 3212 ’θείου
1064 3137 1181 3226 φωτὸς
1201 3144 1316 3210 καὶ”
1274 3168 1335 3230 της
1349 3134 1444 3209 ἐν’
1401 3145 1496 3228 αυτῷ

188 3246 293 3332 ζωῆς,
323 3235 418 3322 ὅπως
447 3266 486 3313 τε
515 3236 563 3311 δι
593 3236 701 3311 αῦτοῦ
726 3238 771 3311 τὰ
791 3236 858 3312 ῦπὸ
880 3245 1035 3322 Μωσέως
1062 3243 1217 3329 είρημένα
1238 3234 1353 3310 πάντα
1374 3235 1496 3310 καὶτὰ

189 3343 238 3410 ἔτι
262 3337 400 3411 τούτων
421 3342 577 3411 ἐπέκεινα
601 3345 757 3429 συνέστη,
787 3335 945 3411 παιδεύει.
987 3334 1076 3410 ύλλύ
1106 3335 1244 3409 τούτων
1274 3332 1373 3409 οῦδὲν
1404 3333 1497 3426 Μύρ·

188 3449 310 3522 καλλος
339 3439 437 3521 είδώς
466 3444 553 3511 ποτε
578 3444 639 3528 μέν
670 3433 859 3526 Ἰουδαίζων
887 3444 976 3510 ποτε
1005 3443 1042 3509 δὲ
1063 3444 1283 3523 Σαβελλίςων
1312 3431 1495 3521 ύλίσκεται,

142 3551 174 3608 θθ
188 3535 277 3610 κατὰ
298 3543 361 3627 μὲν
383 3537 446 3609 τὸν
467 3534 627 3611 Ἰουδαῖον
657 3537 725 3627 πρὸ
752 3542 814 3627 τῆς
836 3543 900 3610 τσῦ
920 3533 1049 3626 κῦσμου
1069 3533 1259 3618 συστάσεως
1284 3540 1389 3625 μηδὲν
1410 3534 1495 3608 είναι
1511 3549 1546 3606 20

189 3635 333 3725 φύσκων
353 3636 446 3727 πλῆν
467 3642 531 3708 τοῦ
551 3643 637 3709 θεοῦ
656 3634 778 3727 μόνου,
800 3642 879 3726 (τῆς
900 3641 1090 3727 ἐκκλησίας)
1111 3634 1179 3725 πρὸ
1202 3641 1264 3725 τῆς
1284 3640 1348 3706 τοῦ
1367 3632 1497 3724 κόσμου

188 3734 381 3821 συστύσεως
403 3736 466 3808 τὸν
486 3742 618 3826 πατέρα
639 3738 726 3809 εἶναι
747 3744 803 3808 καί
825 3736 888 3808 τὸν
909 3735 984 3808 υἱὸν
1006 3730 1245 3825 ὁμολογούσης,
1267 3733 1355 3806 κατὰ
1377 3741 1413 3806 δὲ
1432 3734 1496 3807 τὸν

189 3843 379 3923 Σαβέλλιον
401 3837 460 3907 ἕνα
483 3836 627 3908 καὶτὸν
649 3833 755 3909 αῦτὸν
781 3837 867 3908 εἶναι
889 3831 1166 3924 ἀποφαινόμενος
1185 3832 1262 3904 υἱὸν
1286 3840 1342 3905 καί
1363 3842 1495 3922 πατέρα

188 3944 244 4007 καὶ
265 3942 353 4009 ποτὲ
373 3940 435 4024 μὲν
457 3930 563 4007 αῦτὸν
585 3933 787 4009 ένδιύθετον
813 3932 958 4023 είσύγων
979 3932 1085 4024 λόγον
1104 3937 1192 4005 ποτὲ
1214 3938 1250 4005 δέ
1271 3931 1496 4023 προφορικόν.

274 4155 373 4212 ιτα.
392 4157 448 4223 1,1
477 4184 511 4193 -
537 4155 636 4212 ενοι.
655 4159 769 4225 1‚1-
795 4114 970 4223 σπίζαι
993 4184 1025 4195 -
1049 4154 1147 4212 εισι.
1166 4156 1273 4222 1,1-
1299 4155 1338 4210 10
1356 4155 1418 4211 σοι
1437 4156 1495 4223 τε

189 4287 221 4296 -
239 4256 299 4312 οιι
317 4259 386 4325 ενι
403 4285 437 4296 -
456 4254 494 4312 13
513 4257 638 4324 σοις]
657 4289 691 4298 -
710 4259 748 4315 ιο
765 4258 918 4323 ειωπασ
933 4286 966 4297 -
985 4256 1020 4312 ιτ
1043 4256 1180 4320 τοῦτο
1198 4284 1232 4294 -
1251 4255 1495 4321 ιειιιοωεομσ

188 4388 222 4397 -
240 4359 278 4416 τι
298 4359 359 4415 Joh.
378 4362 402 4425 1,
420 4362 435 4414 1
455 4390 488 4401 -
505 4360 544 4416 τε
563 4360 687 4423 Joh.1,3
705 4388 738 4400 -
756 4359 797 4416 τι
814 4359 875 4415 Joh.
895 4361 918 4424 1,
936 4359 1003 4414 3-5
1020 4387 1054 4397 -
1072 4357 1133 4413 τοι
1152 4356 1208 4428 vgl.
1225 4358 1272 4414 ιιι.
1290 4361 1330 4414 σι.
1348 4358 1382 4414 οε
1403 4387 1437 4398 -
1455 4358 1495 4415 τε

189 4460 244 4531 vgl.
261 4460 308 4515 Nr.
326 4461 361 4517 62

273 4660 311 4717 81
331 4666 380 4730 τῆς
397 4657 547 4731 ἐκκλησίας
564 4662 603 4715 V²
619 4679 644 4717 ιτ
662 4662 707 4726 R„;
725 4663 810 4718 achon
828 4660 866 4715 V¹
884 4662 935 4717 hat
953 4677 978 4716 a.
995 4661 1027 4716 R
1046 4661 1091 4715 ein
1108 4658 1406 4730 Amlmungszeichen
