3698 5510
349 483 407 543 114
940 470 1073 526 Eusebius

349 643 413 710 τοῦ
442 633 601 719 ύδατοςι,
634 631 828 724 ἀναγκαίως
858 632 911 706 διά
943 641 1017 705 τῶν
1046 640 1283 725 προκειμένων
1312 629 1461 705 διδάσκει
1496 639 1552 702 καί
1582 638 1661 718 περὶ

349 734 466 809 αύτων
488 732 507 807 6
528 735 600 818 υίὸς
622 741 686 807 τοῦ
707 741 792 807 θεοῦ
814 727 869 805 ότι
890 762 927 804 τε
949 733 1071 824 γενητὰ
1094 738 1221 824 εἴηκαὶ
1244 731 1293 817 ως
1315 730 1418 815 αύτός
1431 729 1499 821 πρὸ
1514 728 1661 803 πάντων

349 842 399 927 είη
420 846 476 908 καὶ
498 832 544 906 δι’
567 832 675 907 αύτοῦ
696 834 740 906 τά
761 831 876 906 πάντα
898 841 1075 921 πεποίητο.
1119 831 1172 907 διό
1195 858 1298 924 φησιν
1332 831 1418 920 »πρὸ
1450 838 1513 903 τοῦ
1534 838 1661 913 αἰῶνος
1678 846 1714 899 26

349 941 575 1025 ἐθεμελίωσέν
596 964 650 1025 με,
677 939 715 1006 ἐν
736 931 819 1024 ἀρχῇ
841 932 908 1021 πρὸ
932 940 995 1005 τοῦ
1017 934 1081 1023 τήν
1103 940 1167 1024 γῆν
1187 941 1325 1023 ποιῆσαι
1346 939 1401 1004 καὶ
1423 929 1490 1018 πρὸ
1508 938 1571 1002 τοῦ
1599 931 1661 1011 τάς

315 1033 512 1122 δάβύσσους
542 1041 695 1124 ποιήσαι,
731 1035 799 1123 πρὸ
833 1040 897 1106 τοῦ
929 1045 1115 1122 προελθεῖν
1143 1033 1204 1117 τάς
1239 1033 1348 1124 πηγὰς
1384 1041 1459 1104 τῶν
1494 1028 1662 1102 ύδάτωνι,

350 1144 458 1223 τριῶν
482 1141 517 1205 δὲ
539 1133 674 1206 τούτων
695 1131 943 1222 μνημονεύσας,
965 1138 1026 1222 γῆς
1047 1141 1104 1205 καί
1125 1130 1271 1220 άβύσσου
1291 1141 1346 1204 καὶ
1368 1127 1506 1215 ύδατος,
1537 1129 1578 1202 τὸ
1610 1137 1662 1201 τέ·

349 1263 479 1323 ταρτον
501 1232 617 1322 ἐπάγει
646 1244 846 1305 τελευταῖον
877 1231 918 1304 τὸ
949 1251 1107 1321 κρεῖττον
1138 1231 1290 1321 φυλάξας
1320 1232 1383 1305 τόν
1410 1228 1570 1321 ούρανόν·
1608 1227 1663 1299 διὸ

349 1339 500 1422 ἐπιφέρει
531 1336 606 1424 ἑξῆς
641 1329 758 1422 »ἡνίκα
789 1329 968 1421 ήτοίμαζεν
998 1332 1062 1405 τὸν
1092 1328 1240 1421 ούρανόν
1276 1329 1500 1422 συμπαρήμην
1535 1325 1662 1419 ούτῷι.

353 1433 489 1505 τούτων
510 1442 629 1505 τοίνυν
649 1429 718 1505 ύπό
740 1438 802 1521 τῆς
824 1441 921 1515 θείας
942 1438 1076 1521 γραφῆς
1101 1437 1251 1520 ἐναργῶς
1279 1437 1554 1520 παρισταμένων,
1585 1439 1662 1516 βρα-
1680 1447 1714 1500 27

300 1546 333 1600 10
350 1542 441 1623 χείας
472 1562 509 1604 τε
535 1529 614 1621 παρ’
646 1528 744 1622 ἡμῶν
775 1528 823 1614 ιδς
849 1536 886 1602 ἐν
912 1536 1056 1620 ἐπιτομῇ
1087 1531 1269 1622 διηγήσεως
1299 1529 1552 1622 τετυχηκότων,
1582 1534 1662 1601 ἐπα·

350 1632 526 1722 κούσωμεν
548 1625 645 1715 ὅπως
666 1630 868 1721 Μάρκελλος
888 1639 989 1721 χαμαί
1016 1634 1133 1718 βαλών
1155 1632 1220 1722 τήν
1243 1629 1396 1704 διάνοιαν
1416 1638 1524 1703 ταῦτα
1545 1628 1664 1702 πάντα

351 1739 586 1821 διισχυρίζεται
608 1738 684 1819 περὶ
707 1738 768 1821 τῆς
794 1730 917 1818 σαρκός
938 1736 1106 1822 εἰρῆσθαι,
1130 1725 1170 1822 ἧς
1192 1729 1374 1821 ἀνείληφεν
1396 1728 1415 1803 6
1438 1729 1562 1820 σωτήρ,
1584 1729 1662 1820 γρά-

352 1861 432 1919 φων
452 1832 541 1902 κατὰ
563 1837 654 1918 λέξιν
677 1837 804 1902 τοῦτον
828 1831 891 1903 τὸν
913 1828 1048 1919 τρόπον

413 1935 482 2019 (Nr.
507 1936 557 2019 10)
580 1929 708 2002 τούτου
731 1936 848 2002 τοίνυν
876 1926 989 2014 ούτως
1011 1933 1161 2020 ἔχοντος,
1189 1928 1386 2005 ἀκόλουθόν
1408 1937 1501 2003 ἐστιν
1521 1949 1664 2003 σκοπεῖν
1679 1944 1715 1997 28

301 2044 333 2097 15
415 2038 457 2119 τῇ
481 2037 612 2121 διανοίᾳ
634 2028 676 2101 τό
701 2036 947 2153 μαροιμιωδως
973 2037 1149 2121 εἰρημένον
1179 2039 1277 2102 τουτὶ
1307 2028 1496 2117 κεφάλαιον
1529 2028 1662 2118 »κύριος

416 2135 547 2202 ἔκτισίν
567 2157 607 2218 με
630 2126 736 2251 66666
755 2126 848 2201 ὁδῶν
874 2127 1010 2252 αύτοῦἱ.
1053 2133 1184 2203 ἔκτισεν
1210 2129 1272 2220 γὰρ
1304 2126 1445 2249 άληθηός
1475 2130 1517 2202 τὸ
1547 2128 1592 2248 μή
1623 2122 1665 2198 όν

414 2258 612 2353 πεπιμηκως
634 2224 653 2300 6
677 2226 885 2315 δεσπότης
865 2237 963 2318 ημῶν
984 2225 1003 2300 6
1026 2227 1119 2313 θεός
1156 2227 1217 2302 σύκ
1246 2223 1351 2302 οὖσαν
1377 2232 1440 2319 γάρ
1463 2228 1527 2318 τήν
1547 2224 1664 2317 σάρκα,

351 2436 407 2500 καί
428 2433 572 2516 ἐπιλέγει

301 2547 335 2602 20
414 2533 484 2613 (Nr.
509 2535 560 2615 17)
582 2523 709 2598 ούκοῦν
730 2532 759 2599 εί
780 2530 901 2600 καὶτὰ
923 2526 1069 2618 μάλιστα
1083 2525 1137 2602 ἐπ’
1159 2525 1312 2617 ἐσχάτων
1327 2536 1401 2600 τῶν
1414 2536 1545 2618 καιρῶν
1565 2538 1665 2601 τουτὶ

413 2634 468 2702 78ῐ
491 2625 612 2698 καινὸν
633 2624 786 2716 ἐπεφάνη
812 2625 1014 2718 μυστήριον,
1045 2627 1093 2712 ιδς
1120 2635 1125 2714 Ι
1158 2629 1212 2701 διὰ
1233 2634 1339 2701 τούτο
1361 2628 1430 2717 πρὸ
1452 2636 1516 2702 τοῦ
1536 2634 1665 2712 αἰῶνος
1685 2640 1744 2696 155

414 2727 542 2799 τούτου
563 2735 790 2815 προωρίσθαι,
813 2723 954 2810 είκότως
984 2722 1004 2800 6
1034 2725 1215 2818 προφήτης
1246 2731 1311 2818 ἔφη
1344 2729 1428 2817 »πρὸ
1451 2735 1515 2801 τοῦ
1535 2735 1665 2812 αἰῶνος

414 2832 639 2916 ἐθεμελίωσίν
660 2854 730 2915 μετ,
753 2823 915 2916 δηλονότι
937 2827 1002 2917 τήν
1022 2825 1137 2917 σάρκα.

352 2932 407 2998 καὶ
429 2920 529 3009 αὖθις
550 2923 666 3015 ἐπάγει
688 2932 797 3015 λέγων
1682 2945 1717 2999 29

301 3043 335 3098 25
415 3022 1665 3149 (1618)elwv'ssvaox‘6'166ozv›66610616676621016066766

413 3133 519 3197 ποίαν
540 3124 727 3246 ταύτηνη
691 3121 727 3213 <η
721 3121 745 3207 >
777 3122 939 3213 δηλονότι
969 3125 1035 3215 τὴν
1067 3123 1231 3248 ἡμετέραν
1256 3124 1376 3216 σάρκα,
1408 3127 1473 3218 τήν
1493 3127 1578 3214 μετὰ
1599 3128 1666 3248 τήν

414 3225 592 3347 παρακοήν
613 3231 676 3313 γῆν
698 3216 797 3307 αὖθις
819 3233 1019 3315 γενομένην·
1043 3233 1120 3316 »γήι
1146 3225 1209 3315 γάρ
1235 3228 1298 3297 ›cl‹
1324 3233 1427 3317 φησὶν
1452 3234 1525 3298 »καὶ
1540 3232 1643 3311 είς
1601 3256 1667 3317 γην

415 3321 612 3412 άπελεύσηι.

352 3416 433 3514 δρᾷς
452 3417 534 3495 όσον
563 3421 756 3513 διήμαρτεν,
789 3428 849 3544 τής
872 3429 942 3545 μὲν
973 3421 1106 3507 εὐθείας
1138 3429 1330 3514 ἐντραπείς,
1362 3445 1520 3514 τραχεῖαν
1550 3432 1665 3498 δὲκαὶ

300 3539 335 3592 30
353 3521 520 3607 δύσβατον
542 3531 597 3592 καί
620 3519 734 3611 ωσπερ
757 3521 834 3593 τινά
861 3520 1103 3614 άνεξίτητον
1091 3533 1202 3615 εαυτῷ
1233 3523 1438 3616 περινοήσας
1464 3521 1554 3598 όδόν
1598 3536 1665 3600 θέα
1683 3544 1716 3597 30

353 3627 435 3710 γοῦν
457 3614 552 3705 ὅπως
573 3618 763 3707 ἐξεβιάσατο
794 3619 909 3693 πάντα
938 3629 1069 3711 μᾶλλον
1095 3598 1320 3747 66616666606
1340 3634 1396 3697 καί
1417 3622 1537 3715 άναιδή
1561 3623 1667 3712 λόγον

354 3727 568 3841 φθέγξασθαι
588 3717 816 3810 ύπομείναςή
803 3721 903 3810 [τήν
926 3731 1053 3810 σοφίαν
1075 3720 1182 3796 αὐτὸν
1204 3723 1348 3796 εἶναι
1312 3753 1376 3797 τον
1396 3727 1471 3799 υίόν
1495 3733 1558 3797 τοῦ
1578 3732 1666 3798 θεοῦ

353 3815 567 3909 ὁμολογῆσαι
611 3818 651 3891 τό
673 3825 734 3908 μὲν
757 3813 820 3890 ούν
855 3820 986 3909 »κύριος
1017 3826 1147 3895 ἐκτισίν
1173 3853 1213 3914 με
1240 3822 1346 3915 άρχήν
1373 3821 1467 3897 όδων
1488 3822 1596 3899 αύτοο
1581 3831 1665 3909 ἐίς
1683 3846 1713 3897 31

352 3921 432 4007 ἔργα
454 3916 576 3989 αύτοῦτ
606 3926 656 4008 τῷ
685 3925 747 3991 τοῦ
769 3928 923 4008 σωτῆρος
950 3917 1110 4011 άναφέρει
1131 3924 1324 4014 προσώπῳ,
1352 3921 1534 4014 ὁμολογῶν
1557 3922 1664 3997 αύτόν

301 4036 334 4089 35
352 4019 437 4090 εἶναι
452 4016 515 4087 τὸν
530 4022 568 4088 ἐν
582 4026 781 4107 Παροιμίαις
796 4025 906 4089 ταῦτα
922 4016 1108 4105 φάσκοντα.
1145 4029 1233 4111 λέγει
1248 4021 1281 4092 δ’
1304 4018 1367 4096 οὖν
1381 4021 1497 4108 αύτοίς
1518 4024 1664 4116 ῥήμασιν

438 4189 457 4243 8
488 4188 567 4244 Prov.
585 4190 610 4247 8,
628 4190 668 4243 23.
688 4189 722 4243 24
747 4217 780 4228 -
806 4188 826 4246 8
853 4188 932 4243 Prov.
950 4190 974 4253 8,
993 4191 1025 4244 27
1052 4220 1086 4230 -
1113 4192 1150 4248 16
1177 4193 1256 4249 Prov.
1274 4198 1299 4262 8,
1317 4197 1351 4250 22
1377 4225 1410 4236 -
1436 4197 1475 4252 20
1496 4196 1581 4251 Hebr.
1600 4199 1623 4258 1,
1641 4197 1664 4250 2.

351 4289 364 4343 1
390 4289 447 4343 Pet.
476 4293 499 4356 1,
517 4290 570 4346 20?
596 4319 629 4330 -
657 4292 695 4346 22
719 4291 799 4346 Prov.
817 4290 841 4353 8.
860 4290 894 4345 23
920 4320 954 4330 -
980 4292 1018 4347 28
1036 4291 1115 4348 Prov.
1142 4297 1172 4359 8,
1190 4298 1224 4351 23
1250 4327 1283 4337 -
1309 4297 1346 4352 27
1377 4298 1443 4354 Gen.
1462 4302 1486 4364 3,
1505 4301 1538 4355 19
1565 4327 1600 4337 -
1626 4297 1664 4353 88

353 4391 433 4445 Prov.
450 4393 475 4453 8,
495 4392 528 4446 22

437 4543 476 4597 18
495 4539 593 4610 αὐτοῦ]
614 4549 646 4606 -Ι-
665 4539 705 4606 είς
723 4536 794 4613 ἔργα
813 4540 900 4598 αὐτοῦ
918 4542 981 4597 and.
1001 4548 1039 4598 st.
1072 4548 1076 4613 Ι
1110 4549 1147 4603 21
1176 4545 1309 4617 ἀπεφάνη
1327 4549 1363 4615 V,
1382 4566 1450 4605 corr.
1470 4549 1535 4614 We;
1558 4558 1591 4615 4-
1610 4548 1663 4607 τδθ

353 4646 356 4687 ί
390 4644 428 4698 28
445 4641 462 4711 6
481 4643 543 4696 and.
562 4644 599 4696 St.
