3728 5508
684 496 781 548 contra
797 494 960 550 Marcellum
978 494 989 546 l
1008 493 1031 547 2.
1480 505 1515 563 11

202 653 269 726 τὸν
301 652 465 740 διάβολον
495 652 696 746 ἀπεφήνατο
733 664 795 746 τῆς
828 664 959 747 γραφῆς
995 663 1169 740 ἐναντίως.
1220 650 1285 745 ῦρα
1316 650 1378 730 οῦν
1409 664 1515 730 τοῦτο
1536 674 1568 726 14

199 751 313 843 μόνον
334 753 515 845 ήγνόησεν,·
545 753 618 844 οῦχὶ
649 763 685 829 δὲ
714 765 769 827 καὶ
800 758 935 845 προϊῶν
965 751 1079 840 αῦθις,
1111 764 1172 847 τῆς
1201 757 1421 842 ἀναστάσεως
1452 766 1516 832 τοῦ

200 861 361 945 σωτῆρος
391 852 487 944 ήμῶν
513 856 757 945 μνημονεύσας,
789 858 906 928 ἔπειτα
937 867 1118 947 βουληθεὶς
1149 866 1252 944 δείξαι
1286 853 1341 930 ότι
1371 867 1426 931 καὶ
1448 860 1514 946 πρὸ

200 951 312 1026 αῦτοῦ
332 954 420 1026 κατά
448 955 527 1038 τοὺς
553 954 697 1045 χρόνους
723 956 803 1039 τοῦς
829 958 1064 1049 προφητικοῦς
1091 965 1229 1047 φέρεταί
1256 987 1307 1041 τις
1327 962 1364 1030 έκ
1387 966 1518 1045 νεκρῶν

167 1058 432 1144 5ἐγηγερμένος,
459 1054 566 1128 πάλιν
592 1055 772 1129 κάνταῦθα
798 1054 999 1144 σφάλλεται,
1027 1067 1172 1148 πρῶτον
1197 1066 1309 1148 λέγων
1330 1055 1517 1130 Ἐλισσαῖον

200 1153 265 1223 τόν
287 1153 475 1244 προφήτην
496 1161 534 1227 ἐκ
556 1164 688 1243 νεκρῶν
709 1161 844 1246 ἐγείραι·
871 1154 1039 1247 ἀγνοήσας
1062 1155 1110 1242 ῶς
1135 1167 1189 1230 καὶ
1212 1158 1280 1248 πρὸ
1302 1156 1488 1230 Ἐλισσαίου
1512 1164 1513 1221 1

198 1250 314 1338 Ἠλίας
336 1251 355 1326 ό
376 1262 477 1345 μέγας
500 1256 563 1328 τὸν
585 1263 646 1344 τῆς
666 1254 770 1345 χήρας
790 1256 866 1327 υἱὸν
887 1254 1115 1330 ἀποθανόντα
1138 1256 1330 1348 ἀνέστησεν,
1355 1255 1403 1341 ῶς
1424 1261 1517 1329 ἔστιν
1536 1275 1574 1330 12

198 1366 327 1442 μαθεῖν
362 1360 398 1426 ἐκ
430 1362 491 1446 τῆς
521 1364 638 1444 τρίτης
670 1362 743 1426 τῶν
775 1364 983 1442 Βασιλειῶν,
1019 1352 1038 1428 ό
1069 1364 1105 1429 δὲ
1136 1366 1191 1429 καὶ
1222 1354 1316 1430 τοῦτ’
1348 1355 1517 1447 ἀγνοήσας
1536 1382 1567 1433 15

199 1462 372 1540 φαίνεται,
395 1452 436 1527 δι’
461 1448 511 1525 ῶν
535 1453 633 1528 ταῦθ’
657 1450 769 1538 οῦτως
792 1452 913 1545 γράφει

152 1568 182 1621 10
263 1558 336 1641 (Ντ.
352 1560 383 1639 2)
405 1551 447 1625 οῦ
468 1552 576 1644 μόνον
599 1564 717 1627 τοίνυν
739 1562 800 1645 τῆς
825 1563 959 1646 »καινῆς
980 1564 1141 1639 κτίσεως(
1159 1554 1388 1645 πρωτότοκον
1411 1554 1518 1629 αὐτὸν

264 1650 285 1726 ὁ
309 1650 503 1737 ἀπόστολος
526 1657 610 1726 εἶναι
630 1665 742 1744 φησίν,
766 1653 853 1728 ἀλλὰ
874 1664 930 1726 καὶ
951 1652 1182 1745 πρωτότοκον
1205 1662 1260 1728 »ἐκ
1282 1665 1446 1746 νεκρῶν(,
1470 1652 1516 1727 δι’

263 1751 367 1826 οῦδὲν
387 1755 515 1842 ἕτερον,
538 1758 610 1843 ἐμοὶ
634 1762 754 1839 δοκεῖν,
778 1751 852 1827 ἀλλ)
875 1759 931 1827 ἵνα
953 1755 1006 1827 διὰ
1022 1762 1086 1827 τοῦ
1105 1752 1335 1845 πρωτοτόκου
1359 1764 1451 1828 »τῶν
1468 1784 1517 1828 νε·

264 1862 393 1941 κρῶν(,
410 1849 504 1936 ὅπως
518 1862 574 1925 καὶ
590 1852 832 1942 »πρωτότοκος
847 1851 977 1946 ἀπάσης
991 1864 1149 1939 κτίσεως(
1164 1859 1302 1945 εἴρηται,
1318 1862 1515 1944 γνωσθῆναι

264 1960 409 2043 δυνηθῇ.
439 1951 480 2025 οῦ
494 1952 556 2042 γὰρ
572 1958 608 2025 ἐκ
624 1961 757 2042 νεκρῶν
778 1952 903 2045 ἀνέστη
917 1964 1056 2043 πρῶτος
1071 1952 1090 2027 ὁ
1106 1953 1272 2045 δεσπότης
1287 1952 1383 2045 ήμῶν
1394 1953 1516 2044 Ἰησοῦς

167 2075 178 2085 ·
264 2051 427 2141 Χριστός·
451 2048 561 2125 ἀλλά
583 2051 628 2126 δι’
650 2050 837 2124 Ἐλισσαίου
851 2062 915 2126 τοῦ
929 2053 1114 2145 προφήτου
1128 2053 1277 2137 ἀναστάς
1296 2054 1420 2145 ἀνέστη
1434 2054 1516 2142 πρό-

265 2182 374 2241 τερος,
391 2159 446 2224 καὶ
456 2150 611 2241 Λάζαρος
626 2158 661 2222 δὲ
675 2152 743 2240 πρὸ
759 2160 820 2243 τῆς
836 2150 943 2226 αῦτοῦ
958 2152 1173 2238 ἀναστάσεως
1189 2152 1323 2243 ἀνέστη,
1342 2163 1397 2225 καί
1412 2160 1450 2224 έν
1464 2161 1515 2243 τῷ

263 2262 373 2343 καιρῷ
393 2260 460 2325 τοῦ
474 2250 610 2334 πάθους
632 2253 762 2324 »πολλὰ
781 2254 921 2340 σῶματα
936 2262 1010 2324 τῶν
1027 2261 1297 2344 κεκοιμημένων(
1319 2250 1517 2344 ἀνέστησαν.

198 2379 257 2441 καὶ
273 2376 381 2442 τοῦτο
399 2376 433 2440 δὲ
448 2366 659 2458 ἀθεωρήτως
674 2375 767 2440 δοκεῖ
778 2398 837 2458 μοι
852 2377 1040 2442 τεθεικέναι
1056 2367 1295 2458 όΜάρκελλος,
1319 2379 1407 2459 λέγω
1423 2377 1458 2442 δὲ
1475 2370 1515 2442 τὸ
1535 2382 1566 2435 lb*

203 2470 340 2542 »πολλὰ
355 2470 496 2559 σῶματα
512 2477 584 2541 τῶν
598 2476 853 2558 κεκοιμημένων
862 2466 986 2559 ἁγίων(
999 2470 1066 2558 πρὸ
1082 2467 1189 2541 αὐτοῦ
1204 2476 1387 2560 ἐγεγέρθαι.
1403 2467 1444 2542 οῦ
1453 2470 1515 2558 γὰρ

150 2593 182 2650 20
199 2575 389 2660 προσέσχεν
411 2563 475 2658 ῦλη
500 2577 542 2657 τῇ
566 2576 629 2640 τοῦ
653 2565 847 2658 εὐαγγελίου
871 2578 984 2659 γραφή
1006 2570 1221 2657 διδασκούση,
1245 2564 1299 2641 ότι
1325 2569 1427 2659 »μετὰ
1452 2569 1515 2657 τήν

199 2674 367 2758 <ἔγερσιν>
391 2665 514 2740 αὐτοῦ(
538 2669 582 2740 τὰ
598 2676 671 2739 τῶν
685 2665 793 2756 ἀγίων
807 2666 981 2758 ἐγήγερται
996 2671 1146 2759 σῶματα.
1173 2666 1282 2759 εῦροις
1297 2666 1329 2740 δ’
1349 2667 1392 2740 ἀν
1410 2665 1516 2740 αὐτόν
1536 2684 1566 2735 17

200 2766 508 2857 σφαλλόμενονκαὶ
518 2773 555 2840 ἐν
566 2777 608 2857 τῇ
625 2776 688 2840 τοῦ
704 2766 936 2840 ἀποστολικοῦ
951 2771 1058 2858 ῥητοῦ
1071 2775 1212 2841 ἐκθέσει.
1235 2765 1253 2841 ὁ
1269 2776 1331 2858 μὲν
1347 2768 1408 2858 γάρ
1424 2779 1517 2850 θεῖος

200 2866 399 2952 ἀπόστολος
415 2865 587 2958 Ῥωμαίοις
602 2865 747 2958 γράφων
762 2866 844 2939 τάδε
859 2875 962 2957 φησὶν
979 2865 1232 2958 »ἀφωρισμένος
1255 2877 1301 2951 είς
1322 2865 1517 2957 εὐαγγέλιον

200 2976 298 3051 θεοῦ,
321 2962 647 3058 όπροεπηγγείλατο
668 2968 722 3040 διὰ
744 2976 819 3039 τῶν
840 2976 1033 3058 προφητῶν
1055 2967 1162 3042 αῦτοῦ
1183 2973 1221 3040 ἐν
1243 2988 1387 3056 γραφαῖς
1408 2964 1516 3056 ἀγίαις

149 3091 182 3145 25
199 3077 280 3158 περὶ
300 3075 364 3139 τοῦ
384 3072 459 3140 υἱοῦ
481 3065 587 3140 αῦτοῦ
609 3074 672 3138 τοῦ
694 3075 880 3157 γενομένου
903 3073 940 3139 έκ
961 3075 1152 3158 σπέρματος
1168 3073 1271 3140 Δαυὶδ
1291 3068 1379 3138 κατὰ
1400 3066 1516 3156 σάρκα,

201 3175 267 3239 τοῦ
289 3163 490 3255 ὁρισθέντος
511 3172 586 3239 υἱοῦ
602 3173 688 3239 θεοῦ
709 3171 747 3238 ἐν
770 3163 906 3255 δυνάμει
925 3167 1014 3239 κατὰ
1028 3174 1158 3257 πνεῦμα
1174 3164 1391 3256 άγιωσῦνηςι.
1428 3162 1447 3236 ὁ
1470 3173 1514 3239 δέ.
1534 3178 1566 3232 18

201 3265 265 3340 οῦκ
287 3270 364 3340 οἶδα
385 3275 467 3358 ποίᾳ
490 3273 631 3359 διανοίᾳ,
653 3262 833 3337 κάνταῦθα
856 3273 1048 3356 διαστρέφει
1071 3267 1136 3356 τήν
1160 3263 1393 3355 ἀποστολικήν
1416 3272 1514 3351 λέξιν,

201 3364 282 3439 ἀντὶ
312 3373 376 3439 τοῦ
408 3361 643 3452 »όρισθέντοω
674 3362 818 3454 ποιήσας
848 3372 1136 3453 προορισθέντος,
1167 3362 1209 3435 ἵν’
1240 3358 1260 3452 ή
1295 3359 1411 3453 ῦμοιος
1442 3384 1514 3447 τοῖς

205 3465 311 3537 »κατὰ
326 3461 540 3554 πρόγνωσιν(
558 3475 823 3553 προορισθείσιν.
861 3473 947 3555 λέγει
962 3458 1024 3536 οῦν
1038 3465 1126 3535 κατὰ
1142 3471 1234 3550 λέξιν
1250 3458 1362 3543 οῦτως
1534 3480 1565 3534 19

151 3587 185 3641 30
266 3570 336 3653 (Nr.
358 3572 407 3651 16)
431 3562 545 3653 ῶσπερ
577 3558 639 3638 οῦν
671 3565 735 3655 τήν
761 3569 939 3653 ἐκκλησίαν
960 3560 1067 3635 πάλαι
1089 3571 1306 3651 προωρίσατο
1338 3557 1357 3632 ό
1389 3591 1514 3633 παντο-

266 3663 405 3752 κράτωρ
428 3663 518 3748 θεός,
543 3658 669 3753 οῦ<τω>
689 3673 744 3737 καὶ
760 3666 825 3754 τήν
839 3662 926 3734 κατὰ
942 3661 1048 3750 σάρκα
1063 3670 1127 3735 τοῦ
1142 3667 1292 3751 Χριστοῦ
1307 3668 1514 3750 οἰκονομίαν.

266 3762 313 3836 δι’
343 3757 384 3835 οῦ
413 3763 454 3836 τὸ
484 3772 557 3835 τῶν
586 3773 760 3851 θεοσεβῶν
789 3772 885 3853 γένος
917 3770 981 3845 »είς
1008 3767 1201 3835 υἱοθεσίαν(
1233 3768 1369 3832 καλέσαι
1399 3789 1515 3848 προω·

266 3874 396 3951 ρίσατο,
412 3862 584 3954 πρότερον
599 3866 809 3954 θεμελιώσας
825 3869 880 3938 33'
896 3867 933 3933 ἐν
949 3870 990 3951 τῇ
1007 3860 1113 3934 αῦτοῦ
1129 3868 1268 3952 διανοίη.
1304 3859 1358 3931 διὰ
1373 3866 1479 3932 τοῦτο
1496 3858 1514 3932 ὁ

289 4038 352 4094 511
371 4037 440 4091 Kbn.
458 4039 483 4101 4,
501 4039 534 4091 35
560 4037 628 4091 -7
657 4036 757 4089 111111,
777 4036 920 4098 1122-
945 4034 984 4087 10
1007 4034 1067 4087 Kol.
1087 4037 1110 4099 1,
1129 4037 1161 4087 15
1179 4063 1212 4072 -
1232 4033 1291 4087 111
1310 4033 1515 4099 Κο1.1,18-

206 4139 243 4195 13
261 4138 324 4194 Καὶ.
344 4140 410 4204 1,15
427 4167 460 4177 -
480 4139 517 4192 15
536 4138 562 4190 11
580 4137 684 4204 1111114,
694 4140 728 4193 35
744 4167 777 4177 -
797 4138 834 4192 11
852 4136 1007 4205 Joh.11‚44
1025 4165 1057 4174 -
1079 4134 1192 4189 11-20
1211 4133 1362 4200 11111121,
1380 4135 1421 4188 52.
1440 4138 1514 4190 53-

204 4241 245 4298 28
263 4241 494 4305 Rom.1‚1-4-
509 4240 548 4296 28
567 4239 644 4293 Rom.
660 4242 751 4306 14-
769 4238 809 4293 29
827 4237 896 4307 Eph.
911 4241 934 4301 1,
949 4240 978 4290 11
989 4237 1071 4290 -1‘1
1090 4235 1159 4304 Eph.
1178 4237 1226 4297 1,5
1239 4264 1269 4273 -
1282 4233 1409 4291 81Pr0v.
1423 4238 1448 4302 8,
1461 4238 1515 4291 23?

289 4378 305 4431 l
325 4375 417 4439 Ltasc
434 4374 582 4445 γραφαῖςθ
595 4375 649 4444 vgl.
660 4375 685 4427 S.
696 4376 736 4434 17,
746 4374 831 4428 ‘2228
854 4374 859 4438 Ι
883 4373 900 4428 ῦ
920 4371 1117 4441 πρῶτοννλα.
1128 4370 1159 4424 R.
1168 4369 1218 4424 sub
1237 4365 1311 4435 ἴσως,
1330 4370 1387 4443 πρὸ
1406 4378 1464 4427 τῶν
1474 4373 1514 4425 V*

207 4480 210 4543 ί
232 4478 270 4532 1⁰
286 4481 386 4544 κοινῆς
403 4476 473 4543 Mol
500 4477 533 4531 17
554 4472 780 4544 κεκοιμημένων]
803 4481 835 4538 -1-
858 4470 967 4543 ἁγίωνθ
995 4471 1227 4541 vg1.Matth.21,
1247 4472 1323 4525 52u.
1343 4472 1369 4527 Z.
1388 4475 1420 4529 19
1444 4475 1448 4540 Ι
1475 4474 1511 4528 21

204 4572 316 4648 ἔγερσιν
334 4577 370 4631 Κ]
387 4579 460 4632 nach
479 4576 560 4632 Looss
575 4580 580 4645 Ι
604 4578 642 4632 25
660 4574 819 4647 γενομένου
838 4574 874 4629 Κ]
891 4574 962 4628 nach
981 4572 1027 4627 NT
1044 4578 1219 4641 μονογενοῦς
1238 4572 1261 4625 V
1278 4574 1338 4641 128
1356 4570 1463 4642 ὁμοίως
1481 4575 1514 4639 V,

204 4696 271 4734 corr,
289 4678 373 4734 Loofs
400 4681 404 4747 Ι
431 4679 467 4733 81
490 4672 564 4732 οὕτω
583 4676 621 4730 V²
