3674 5506
608 464 643 520 de
660 465 845 522 ecclesiastica
861 466 1004 536 theologia
1022 466 1061 520 111
1078 466 1102 520 3.
1452 474 1510 536 155

200 624 509 718 ἔξυπηρεταύμενος
531 625 696 717 νεύμασιν.
739 628 791 700 διὸ
815 636 968 701 λέλεκταί
989 658 1058 702 που
1082 634 1222 701 »αἰνεῑτε
1244 628 1309 701 τὸν
1330 628 1449 717 κύριον
1472 634 1510 701 ἐκ
1527 643 1557 696 51

199 734 277 799 τῶν
299 723 472 816 οὐρανῶν,
504 732 626 798 αίνεῑτε
653 724 761 800 αὐτόν
782 734 819 802 ἔν
840 749 914 813 τοῖς
934 725 1097 817 ὑψίστοις.
1140 733 1264 801 αίνεττε
1286 724 1402 814 αὐτόν,
1424 727 1508 801 πάν·
1526 744 1559 797 52

200 860 258 913 τες
281 831 313 900 σί
329 827 463 915 άγγελοι
479 822 597 899 αὐτοῦ·
620 833 743 899 αἰνεῑτε
758 825 873 915 αὐτόν,
896 835 1001 901 πᾶσαι
1016 831 1049 900 αἱ
1065 825 1221 918 δυνάμεις
1237 824 1350 899 αὐτοῦ.
1385 832 1508 900 αίνεῑτε

200 925 319 1012 αὐτόν,
342 925 438 1017 ῆλιος
458 932 514 996 καί
536 923 674 1016 σελήνη·
697 930 820 999 αίνεῑτε
842 924 959 1011 αὐτόν,
982 925 1097 999 πάντα
1119 927 1161 997 τά
1177 926 1285 1016 άστρα
1298 936 1355 999 καί
1369 927 1410 999 τό
1427 934 1511 1015 φῶς.

165 1035 328 1102 5αἰνείτε
354 1022 475 1108 αὐτόν,
506 1029 538 1096 οἱ
565 1021 705 1115 οὐρανοὶ
729 1035 801 1099 τῶν
824 1024 992 1114 οὐρανῶν,
1015 1036 1070 1098 καί
1092 1027 1135 1099 τά
1157 1020 1264 1099 ὐδατα
1286 1026 1329 1098 τά
1350 1025 1510 1116 ύπεράνω

201 1136 277 1200 τῶν
300 1123 467 1216 οὐρανῶν.
511 1123 742 1199 αίνεσάτωσαν
774 1125 814 1198 τό
841 1122 949 1217 ὄνομα
974 1136 1103 1217 κυρίου·
1134 1120 1190 1198 ότι
1215 1124 1319 1210 αὐτὸς
1340 1127 1434 1199 εἶπεν
1455 1135 1510 1199 καί

202 1225 425 1318 ἐγενήθησαν,
460 1233 464 1312 Ι
498 1220 601 1308 αὐτὸς
631 1229 822 1298 ἐνετείλατο
854 1235 910 1299 καί
940 1231 1175 1316 έκτίσθησανι.
1217 1227 1308 1316 πλήν
1339 1223 1426 1299 άλλά
1456 1236 1510 1298 καὶ
1528 1239 1562 1294 53
1577 1300 1579 1305 ,
1595 1239 1651 1294 105

201 1336 285 1418 πρὶν
306 1334 464 1417 γενέσθαι
484 1320 592 1394 αὐτόν
613 1323 677 1396 τὸν
699 1321 848 1415 οὐρανόν
867 1334 924 1399 καὶ
946 1326 990 1399 τά
1004 1331 1159 1399 ἐπέκεινα
1182 1324 1329 1417 οὐρανοῦ
1350 1324 1393 1398 τά
1416 1355 1453 1397 τε
1474 1332 1512 1399 ἐν

203 1425 340 1517 οὐρανῷ
362 1422 479 1497 πάντα
509 1428 557 1511 (ἐξ
582 1424 659 1506 ἑνός
684 1425 746 1513 γάρ
768 1427 813 1497 τά
834 1423 947 1498 πάντα
967 1434 1224 1516 περιληπτικῶς
1246 1424 1447 1517 δεδήλωται)
1470 1419 1512 1517 ῆν

150 1524 223 1600 1οό
246 1525 319 1610 υίὸς
341 1532 405 1598 τοῦ
424 1530 517 1609 θεοῦ,
539 1532 596 1595 καί
618 1531 669 1614 τῷ
691 1532 796 1615 πατρί
818 1532 931 1614 παρῆν
954 1535 1068 1597 τεκαὶ
1091 1534 1196 1615 συνῆν
1211 1529 1261 1597 ἔτι
1276 1532 1510 1615 βουλευομένῳ

202 1634 279 1716 περὶ
302 1632 364 1715 τῆς
384 1622 523 1697 τούτων
545 1620 713 1696 ἁπάντων
739 1623 940 1708 συστάσεως.
983 1623 1034 1698 διό
1062 1651 1164 1715 φησιν
1192 1622 1309 1716 »ἡνίκα
1332 1621 1511 1715 ῆτοίμαζεν
1548 1630 1552 1639 “

203 1727 267 1800 τὸν
282 1723 441 1813 οὐρανόν,
464 1720 686 1814 συμπαρήμην
706 1720 831 1815 αὐτῶι.
866 1722 931 1797 εἶθ’
954 1723 1003 1809 ῶς
1025 1722 1154 1815 ἀγαθὸς
1175 1723 1322 1814 γραφεύς
1344 1726 1405 1809 τάς
1420 1722 1512 1815 ἆρχε·

202 1827 333 1910 τύπους
354 1831 444 1907 ίδέας
465 1828 503 1895 έκ
524 1830 598 1894 τῶν
618 1832 798 1913 πατρικῶν
820 1833 993 1915 λογισμῶν
1014 1822 1269 1913 ἀπολαμβάνων
1283 1829 1340 1896 έπὶ
1362 1826 1423 1909 τὰς
1438 1834 1511 1898 τῶν

202 1932 315 2017 ἔργων
348 1930 531 2014 μετέφερεν
567 1919 693 2007 οὐσίας,
731 1930 875 1996 τοιαῦτα
911 1933 1148 2013 ζωοπλαστῶν
1183 1932 1238 1996 καὶ
1273 1922 1509 2015 ὑφιστάμενος,

150 2035 184 2090 15
202 2024 307 2100 όποῑα
328 2033 372 2114 τῆ
393 2030 458 2095 τοῦ
478 2020 610 2111 πατρὸς
632 2030 765 2115 διανοίᾳ
778 2031 1053 2115 προϋποκείμενα
1067 2025 1165 2113 ἔῶρα.
1201 2023 1339 2096 τούτων
1360 2022 1392 2095 δ>
1408 2023 1511 2109 αὐτὸς
1527 2038 1562 2092 54

202 2122 324 2217 γένοιτ’
348 2123 391 2195 ἂν
412 2122 540 2215 μάρτυς
566 2120 761 2211 ἀξιόχρεως,
788 2128 825 2195 έν
848 2120 1065 2214 Εὐαγγελίοις
1092 2117 1159 2196 ῶδε
1184 2121 1368 2196 διδάσκων·
1406 2122 1512 2215 »άμῆν

201 2222 291 2316 άμῆν
314 2233 401 2312 λέγω
423 2221 510 2314 ύμῖν,
534 2219 574 2294 οὐ
597 2221 738 2295 δύναται
760 2218 780 2293 ό
801 2222 873 2307 υἱός
894 2242 1007 2297 ποιεῖν
1027 2220 1086 2312 ὐφ’
1109 2226 1232 2297 ἑαυτοῦ
1254 2220 1363 2310 οὐδέν,
1386 2225 1446 2297 ἐάν
1466 2223 1511 2315 μή

201 2355 236 2397 τι
257 2332 365 2413 βλέπη
388 2322 451 2395 τόν
471 2329 602 2412 πατέρα
623 2329 804 2394 ποιοῦντα·
840 2320 946 2413 άγάρ
970 2321 1013 2394 άν
1042 2328 1171 2406 ἐκεῖνος
1200 2331 1293 2413 ποιῆ,
1325 2330 1434 2397 ταῦτα
1455 2332 1511 2395 καὶ
1587 2340 1594 2357 ’

201 2420 315 2508 όυίός
336 2420 463 2513 ὁμοίως
484 2439 580 2495 ποιεῖ.
624 2416 729 2512 όγάρ
755 2423 868 2512 πατήρ
899 2436 993 2510 φιλεῖ
1020 2421 1083 2494 τὸν
1113 2422 1189 2495 υἱὸν
1218 2433 1273 2495 καὶ
1303 2421 1418 2495 πάντα
1449 2428 1510 2495 δεί·
1528 2442 1561 2494 55

149 2532 319 2596 2οκνυσιν
340 2522 435 2614 αὐτῷ
458 2520 479 2593 ά
501 2519 604 2605 αὐτὸς
624 2541 744 2594 ποιεῑι.
786 2524 873 2594 ἔνθα
904 2550 956 2604 τις
985 2520 1127 2604 εἰκότως
1159 2520 1331 2613 ζητήσειεν
1362 2520 1404 2593 ἂν
1434 2531 1510 2605 πῶς

200 2623 244 2696 τά
267 2617 447 2709 άπαξύπό
469 2621 685 2711 τοῦπατρὸς
711 2620 876 2712 γεγονότα
903 2618 922 2693 ό
953 2620 1026 2704 υἱὸς
1056 2615 1156 2704 αὐθις
1186 2641 1292 2706 ποιεῑ,·
1322 2622 1509 2694 ἔπελύσατο

200 2722 234 2794 δ’
256 2720 360 2807 αὐτὸς
382 2723 445 2795 τόν
467 2719 571 2810 λόγον
593 2722 702 2793 είπῶν
726 2718 765 2791 »ά
787 2721 849 2810 γάρ
876 2728 931 2795 82¹
959 2719 1002 2793 ἂν
1024 2717 1043 2792 ό
1065 2721 1179 2811 πατὴρ
1201 2729 1298 2810 ποιῆ.
1322 2727 1432 2793 ταῦτα
1453 2729 1508 2792 καὶ

201 2819 220 2895 ό
242 2822 314 2905 υίὸς
336 2819 463 2912 ὁμοίως
478 2841 597 2894 ποιείι.
633 2818 758 2894 οὐκοῦν
773 2818 973 2911 ὁμοιῶματα
994 2819 1150 2911 τυγχάνει
1178 2820 1221 2893 τά
1241 2819 1328 2911 πρός
1350 2827 1414 2893 τοῦ
1434 2826 1510 2893 υἱοῦ
1527 2843 1560 2898 56

201 2920 381 3013 γιγνόμενα
411 2926 520 3013 ἔργων
545 2918 744 3010 άρχετύπων
774 2925 811 2992 έν
841 2918 1051 3012 ἀπορρήτοις
1083 2927 1147 2994 τοῦ
1176 2920 1307 3011 πατρός
1338 2934 1508 3011 λογισμοῖς

149 3030 183 3087 25
200 3029 523 3111 προϋφισταμένων,
555 3020 576 3092 ἃ
607 3018 647 3109 δή
673 3027 812 3106 βλέπων
835 3016 950 3103 άτενές
971 3024 1009 3091 έν
1031 3029 1074 3110 τῆ
1097 3019 1314 3108 τοῦπατρὸς
1336 3017 1510 3113 διανοίᾳό

200 3120 272 3204 υίὸς
302 3120 475 3213 μιμήματα
506 3113 557 3192 ῶν
587 3121 677 3210 ἔῶρα
708 3125 821 3192 ἐποίει.
864 3122 906 3193 τό
938 3118 970 3193 δ’
1000 3119 1203 3193 ἐποπτεύειν
1233 3117 1341 3193 αὐτόν
1373 3120 1415 3192 τά
1447 3127 1510 3192 τοῦ

199 3219 330 3309 πατρὸς
355 3219 446 3309 βάθη
472 3226 534 3310 τῆς
563 3226 731 3310 πατρικῆς
760 3217 892 3310 άγάπης
919 3224 1020 3310 ἔργον
1044 3223 1130 3293 εἶναι
1159 3228 1306 3309 παρίστη
1333 3227 1510 3306 διασαφῶν

200 3322 275 3412 ἑξῆς
304 3328 360 3391 καὶ
391 3327 501 3408 λέγων
533 3315 570 3391 »ό
597 3318 659 3409 γάρ
689 3320 804 3410 πατήρ
831 3329 924 3407 φιλεῖ
944 3319 1007 3391 τὸν
1029 3320 1105 3392 υἱὸν
1127 3328 1183 3391 καί
1204 3317 1318 3390 πάντα
1341 3325 1508 3391 δείκνυσιν

201 3416 293 3508 αὐτῷ
316 3416 337 3489 ά
361 3415 464 3503 αὐτός
484 3437 605 3491 ποιεῑι.
648 3416 841 3503 δεικνύντος
863 3418 928 3507 άρα
951 3418 1166 3508 τοῦπατρὸς
1188 3418 1231 3489 τά
1247 3420 1370 3491 ἑαυτοῦ
1384 3417 1509 3509 κρύφια

148 3527 183 3583 30
199 3527 347 3609 θεωρῶν
377 3514 397 3592 ό
427 3517 500 3602 υίὸς
530 3516 575 3590 δι’
606 3520 717 3609 ἔργων
746 3515 870 3608 ύφίστη
903 3519 946 3591 τὰ
977 3525 1039 3609 τῆς
1069 3525 1237 3609 πατρικῆς
1267 3524 1390 3609 βουλῆς
1421 3523 1508 3606 ἔργα.

199 3612 312 3701 σύτως
338 3611 402 3692 σύν
431 3621 546 3692 συνῶν
575 3626 626 3708 τῶ
657 3624 761 3706 πατρὶ
794 3625 850 3690 καί
881 3621 1068 3709 συμπαρῶν
1098 3615 1192 3708 αὐτῷ
1224 3617 1508 3708 προετοιμάςοντι

199 3718 262 3790 τόν
285 3715 433 3808 οὐρανόν
453 3725 509 3788 καὶ
532 3716 574 3789 τά
596 3713 649 3788 ἔπ’
672 3712 767 3807 αὐτῶ
790 3715 884 3788 τοῦτ’
900 3722 1051 3790 ἐδίδασκε
1066 3724 1178 3807 λέγων
1195 3714 1313 3807 »ἡνίκα
1328 3715 1508 3808 ῆτοίμαζεν

199 3816 261 3890 τόν
283 3816 442 3906 οὐρανόν,
465 3814 686 3907 συμπαρήμην
710 3814 832 3907 αὐτῶι.
876 3822 1006 3906 ἔχαιρέν
1037 3848 1074 3890 τε
1106 3813 1125 3889 ό
1154 3817 1270 3907 πατὴρ
1300 3827 1382 3907 πρίν
1407 3814 1429 3906 ή
1450 3825 1505 3887 καὶ
1523 3833 1555 3887 57

199 3915 262 3988 τόν
282 3915 410 4006 κόσμον
432 3925 602 4005 γενέσθαι,
633 3924 680 4001 είς
707 3916 813 3988 αὐτὸν
835 3914 981 4007 άφσρῶν
1002 3920 1066 3991 τὸν
1088 3919 1214 3989 ἑαυτοῦ
1239 3924 1407 4006 μονογενῆ
1429 3916 1506 3987 υίόν

284 4139 300 4195 1
321 4137 364 4192 Ρε.
383 4139 441 4204 148,
460 4140 577 4194 1-5-
595 4141 631 4195 11
652 4139 732 4194 Prov.
749 4140 773 4204 8,
792 4140 824 4193 2?
843 4168 876 4177 -
896 4140 933 4194 10
951 4138 1012 4194 Joh.
1031 4142 1055 4207 5,
1073 4140 1114 4194 19.
1132 4140 1166 4196 20
1183 4169 1216 4178 -
1239 4140 1278 4195 22
1298 4138 1359 4193 Joh.
1378 4140 1402 4199 5,
1421 4138 1454 4193 10
1472 4166 1505 4176 -

198 4240 316 4296 281011.
334 4242 359 4304 5,
376 4240 411 4295 20
428 4269 462 4280 -
479 4240 519 4295 22
538 4240 617 4295 Prov.
636 4242 660 4304 8,
678 4241 711 4294 27

282 4439 302 4497 8
320 4437 409 4496 αὐτόν
426 4459 453 4494 m
471 4436 558 4496 αὐτοῦ
577 4440 600 4493 V
625 4442 629 4507 Ι
661 4441 681 4496 θ
703 4437 806 4511 πάντα]
826 4449 858 4505 -Ι-
876 4436 894 4497 ἃ
913 4459 937 4497 ε.
955 4441 986 4495 R.
1005 4441 1044 4495 V²
1074 4445 1080 4505 Ι
1115 4441 1154 4497 10
1171 4441 1258 4512 πατρί
1275 4440 1325 4507 V²,
1344 4445 1447 4511 σωτῆρι
1466 4440 1504 4493 V*

200 4546 203 4605 ί
236 4541 275 4599 16
301 4536 414 4612 γένοιτο
440 4539 549 4614 μάρτυς
575 4540 613 4608 V,
641 4559 708 4597 corr.
735 4540 771 4596 Kl
803 4543 808 4611 Ι
841 4544 879 4600 18
898 4538 991 4599 &ww
1016 4538 1067 4599 ἐὰν
1089 4542 1128 4595 V*
1161 4544 1165 4610 Ι
1199 4542 1237 4598 21
1264 4547 1333 4612 ποιῇ
1352 4541 1390 4595 V²
1421 4545 1425 4609 Ι
1468 4543 1507 4598 28

197 4640 331 4710 ὁμοίωμα
350 4643 383 4707 V,
401 4659 468 4698 corr.
488 4642 540 4698 We
