3698 5510
330 488 333 495 ¹
352 531 392 593 94
941 525 1075 581 Eusebius

351 717 429 777 μου,
458 681 500 758 όν
522 684 708 778 ηὐδόκησεν
729 685 750 778 ἡ
773 687 863 780 φυγή
885 718 957 780 μου.
1001 693 1112 760 ἔδωκα
1143 686 1184 759 τό
1214 682 1345 776 πνεῦμά
1367 713 1431 774 μου
1461 680 1513 755 ἐπ’
1544 681 1659 769 αὐτόν,

353 795 463 878 κρίσιν
485 805 559 871 τοῖς
580 790 717 860 ἔθνεσιν
738 795 887 876 ἐξοίσειι.

438 887 487 974 ιζ.
513 896 709 977 προφητῶν
730 893 766 960 δέ
788 889 890 973 ἄλλος
913 888 1006 978 ζωήν
1027 885 1134 961 αὐτόν
1155 894 1210 959 καὶ
1234 893 1310 975 φῶς
1340 883 1516 975 ὠνόμαζεν
1546 888 1583 956 έν
1610 889 1660 973 τῷ
1677 907 1708 963 76

355 1005 575 1074 προσφωνεῖν
597 995 648 1078 τῶ
670 996 743 1079 θεῷ
766 995 821 1059 καὶ
844 995 955 1079 λέγειν
984 984 1058 1060 »ότι
1083 986 1174 1075 παρὰ
1201 993 1253 1058 σοὶ
1283 986 1374 1077 πηγή
1406 991 1512 1074 ζωῆς,
1544 988 1582 1055 έν
1610 989 1661 1071 τῷ

321 1096 449 1171 ῠνωτῖ
470 1112 533 1159 σου
554 1082 712 1176 ὀψόμεθα
739 1096 845 1175 σῶα.
889 1098 941 1173 τῖε
971 1088 1034 1178 γὰο
1065 1079 1108 1176 ἦν
1138 1082 1159 1176 ἦ
1189 1085 1280 1176 παρὰ
1310 1092 1361 1175 τῷ
1389 1092 1462 1175 θεῷ
1490 1082 1581 1175 πηγὴ
1603 1088 1663 1171 τῆς

356 1191 445 1274 ζωῆς
466 1190 521 1256 καὶ
544 1185 584 1257 τό
608 1194 684 1274 φῶς
705 1184 727 1277 ή
751 1185 854 1272 αὐτὸς
876 1183 895 1260 ό
918 1193 955 1259 έν
978 1183 1182 1277 εὐαγγελίοις
1202 1187 1310 1258 είπῶν
1335 1184 1420 1275 »έγῶ
1442 1189 1509 1275 εἰμι
1532 1181 1573 1254 τό
1590 1189 1663 1270 φῶς

354 1290 417 1355 τοῦ
438 1281 599 1374 κόσμουι,
630 1295 686 1359 καί
716 1287 800 1378 νέγῶ
823 1295 888 1378 είμι
908 1285 929 1378 ἡ
952 1283 1031 1370 ὁδός
1052 1295 1109 1358 καὶ
1130 1282 1151 1375 ἡ
1172 1281 1317 1376 όλήθεια
1344 1280 1443 1374 καλή
1475 1279 1583 1373 ζωῆς
1613 1281 1663 1354 διὸ

356 1382 460 1456 πόλιν
481 1385 645 1459 ἱκετεύων
667 1382 687 1458 ό
709 1385 891 1479 προφήτης
911 1392 949 1460 έν
976 1384 1055 1475 εὐχῇ
1081 1385 1168 1477 πρὸς
1198 1383 1262 1456 τὸν
1292 1383 1378 1457 θεόν
1407 1392 1496 1473 λέγει
1527 1380 1664 1471 »έξαπό-

357 1493 494 1556 στειλον
516 1484 556 1556 τό
580 1493 655 1573 φῶς
678 1510 738 1558 σου
759 1495 814 1558 καὶ
836 1486 901 1577 τήν
923 1484 1088 1577 ἀλήθειάν
1109 1509 1183 1558 σου·
1206 1481 1292 1556 αὐτό
1313 1511 1354 1574 με
1375 1479 1562 1573 όδηγήσειι.

306 1596 340 1649 10
441 1582 493 1673 ιη’.
535 1581 700 1674 ἀλήθειαν
737 1592 772 1658 δὲ
807 1585 914 1657 αὐτόν
948 1593 1004 1658 καί
1036 1583 1226 1674 Ζοροβάβελ
1263 1580 1419 1656 όνειπῶν
1453 1590 1663 1672 νικητηρίων

356 1679 499 1773 ήξιῶθη,
523 1677 574 1755 ὅτ’
597 1688 651 1755 ἐπὶ
674 1691 737 1756 τοῦ
755 1693 899 1775 Περσῶν
920 1692 1084 1770 βασιλέως
1106 1681 1358 1775 ἀναγέγραπται
1379 1683 1525 1772 είρηκῶς
1549 1678 1663 1771 »καλή

358 1778 502 1870 ἀλήθεια
522 1790 614 1872 μένει
634 1792 691 1855 καί
713 1785 815 1874 ίσχύει
837 1791 883 1869 είς
910 1785 973 1858 τόν
999 1791 1119 1871 αίῶνα,
1150 1791 1205 1855 καὶ
1239 1791 1278 1872 ζῇ
1308 1788 1364 1853 καὶ
1393 1800 1516 1869 κρατεῖ
1534 1787 1582 1865 είς
1603 1779 1664 1852 τόν
1680 1796 1709 1850 ῖῖ

358 1886 468 1952 αίῶνα
490 1889 553 1956 τοῦ
574 1888 708 1968 αἰῶνος.
750 1892 806 1958 καὶ
828 1882 890 1957 οὐκ
912 1889 1005 1957 ἔστιν
1025 1881 1103 1972 παρ’
1126 1880 1212 1972 αὐτῇ
1236 1891 1348 1967 λαβεῖν
1369 1878 1557 1970 πρόσωπα,
1581 1875 1664 1952 ἀλλὰ

357 1981 401 2052 τὰ
423 1986 535 2052 δίκαια
561 2002 664 2068 ποιεῖ,
696 1981 764 2055 ὐπὸ
794 1981 941 2057 πόντων
968 1990 1042 2055 τῶν
1065 1981 1192 2055 ἀδίκων
1213 1988 1268 2053 καὶ
1290 1987 1455 2071 πονηρῶν
1478 1977 1664 2069 ῶπέγεταιι.

306 2097 339 2149 15
357 2079 409 2163 οίς
431 2086 574 2170 ἐπιλέγει
609 2091 682 2154 »καὶ
709 2081 813 2173 αὐτῆς
840 2081 860 2174 ἦ
882 2084 972 2171 ἰσχὺς
998 2089 1054 2154 καὶ
1082 2081 1123 2153 τό
1145 2089 1314 2165 βασίλειον
1336 2089 1392 2153 καὶ
1414 2077 1435 2170 ή
1456 2086 1592 2168 ἐξουσία
1612 2086 1665 2150 καί

358 2176 378 2268 ἡ
400 2179 610 2269 μεγαλοσύνη
632 2179 778 2255 πάντων
805 2190 879 2254 τῶν
901 2183 1068 2255 αίῶνωνι.
1113 2187 1174 2271 ςήν
1194 2180 1257 2272 γὰρ
1279 2181 1390 2252 ελπῶν
1412 2179 1477 2270 τὴν
1499 2176 1665 2270 ἀλήθειαν

357 2286 413 2349 καί
435 2286 534 2352 νικᾶν
556 2289 612 2353 καί
634 2301 783 2369 κρατεῖν,
815 2283 1102 2372 έμφαντικῶτατα
1127 2286 1339 2371 παρέστησεν
1365 2275 1470 2369 αὐτῆς
1498 2279 1566 2369 τήν
1587 2276 1666 2351 ὐπό-

357 2400 483 2450 στοσιν.
527 2377 579 2463 οίς
605 2377 807 2466 ἀκολούθως
836 2390 893 2452 καί
919 2378 1023 2466 αὐτὸς
1050 2377 1068 2454 ὁ
1091 2381 1208 2470 σωτήρ
1238 2378 1405 2472 ἀλήθειαν
1434 2377 1561 2451 ἑαυτόν
1591 2373 1665 2450 όνσ·

355 2473 473 2565 μείζων
496 2479 560 2567 τὴν
582 2488 646 2553 τοῦ
669 2480 860 2570 Ζοροβάβελ
881 2488 1068 2572 μαρτυρίαν
1089 2484 1362 2570 έπεσφραγίζετο.

305 2591 339 2646 20
440 2576 497 2649 ιθ’.
527 2587 582 2650 καί
603 2583 762 2670 ποταμόν
784 2588 820 2654 δὲ
842 2578 949 2654 αὐτόν
971 2577 1149 2669 ῶνόμασεν
1171 2575 1191 2652 ό
1214 2579 1322 2650 είπῶν
1346 2585 1428 2650 »τοῦ
1449 2584 1610 2669 ποταμοῦ
1623 2575 1665 2649 τό
1682 2592 1712 2647 78

357 2669 534 2766 όρμήματα
556 2676 794 2769 εὐφραίνουσιν
817 2682 882 2775 τήν
901 2678 1005 2754 πόλιν
1027 2687 1090 2751 τοῦ
1111 2686 1222 2751 θεοῦι.

439 2776 477 2847 κ’.
507 2774 570 2867 ήδη
593 2786 706 2852 δὲκαὶ
729 2774 808 2870 όρος
829 2799 1015 2869 προσεῖπεν
1036 2774 1055 2851 ό
1079 2777 1188 2867 φήσας
1212 2775 1272 2849 »τό
1295 2771 1375 2869 όρος
1397 2770 1416 2849 ό
1438 2773 1625 2867 ηὐδόκησεν
1645 2771 1664 2847 ό
1681 2788 1711 2843 79

357 2873 438 2957 θεὸς
459 2897 633 2950 κατοικεῖν
652 2884 689 2951 ἐν
710 2877 834 2971 αὐτῶι.
854 2891 858 2965 Ι
878 2877 930 2950 διὸ
951 2885 1007 2950 καὶ
1029 2879 1121 2965 παρὰ
1143 2885 1194 2969 τῶ
1211 2876 1336 2967 Δανιὴλ
1361 2881 1415 2962 »έξ
1430 2870 1550 2966 ὄρους(
1569 2884 1665 2957 λίθος
1681 2888 1718 2944 98

357 2982 499 3064 τμηθεὶς
524 2975 623 3048 »ἄνευ
642 2986 784 3066 χειρῶνι
808 2987 865 3051 καὶ
884 2978 989 3051 πάλιν
1011 2974 1031 3049 ό
1053 2974 1157 3060 αὐτὸς
1179 2974 1500 3065 ὐποκαθιστόμενος
1523 2982 1570 3060 είς
1587 2968 1665 3063 ὄρος

305 3089 339 3142 25
356 3069 492 3161 ὐψηλόν
515 3075 658 3164 ἑωρᾶτο,
682 3084 745 3149 τοῦ
765 3085 826 3167 μὲν
849 3071 949 3168 όρους
970 3077 1035 3167 τὴν
1056 3075 1268 3167 προόπαρξιν
1290 3082 1351 3162 τῆς
1365 3072 1540 3164 θεότητος
1561 3071 1666 3146 αὐτοῦ

357 3179 593 3261 σημαίνοντος,
617 3182 680 3249 τοῦ
702 3183 737 3248 δὲ
758 3185 861 3250 λίθου
884 3176 948 3267 τήν
970 3175 1233 3266 όνθρωπότητο.

439 3271 500 3343 κιέ.
535 3279 590 3344 καὶ
621 3275 837 3366 δικαιοσύνην
867 3283 903 3349 δὲ
934 3272 1040 3348 αὐτόν
1067 3273 1211 3348 έκόλουν
1238 3270 1328 3358 ῶςό
1355 3283 1467 3364 λέγων
1501 3283 1573 3358 »τίς
1593 3272 1664 3364 έξή·
1680 3289 1711 3344 80

357 3398 466 3458 γειρεν
488 3367 557 3444 ἀπὸ
579 3369 762 3447 ἇνατολῶν
784 3374 1029 3464 δοιαιοσύνην,·«

439 3470 530 3560 <κβ.>
567 3479 622 3544 καὶ
653 3470 752 3563 ἥλιον
779 3472 992 3562 δικαιοσύνης
1015 3471 1063 3557 ῶς
1089 3470 1109 3546 ό
1131 3473 1239 3547 είπῶν
1268 3492 1359 3557 »τοῖς
1382 3479 1417 3544 δὲ
1439 3479 1665 3564 φοβουμένοις

304 3588 338 3642 30
355 3598 395 3658 με
426 3567 585 3643 ὐνοτελεῖ
612 3568 708 3661 ήλιος
739 3572 965 3663 δικαιοσύνης,
995 3579 1050 3645 καὶ
1077 3578 1163 3655 ἰἀσις
1189 3577 1226 3646 έν
1253 3591 1327 3656 ταῖς
1356 3579 1520 3661 πτέρυξιν
1551 3569 1664 3645 αὐτοῦ.

355 3679 410 3741 καὶ
433 3669 537 3753 ἄλλος
561 3671 730 3743 »δύσεταιι
757 3680 859 3763 φησίν
884 3668 920 3744 »ό
943 3669 1039 3762 ήλιος
1060 3676 1116 3743 έπὶ
1138 3673 1218 3756 τοὺς
1240 3670 1439 3763 προφήτας(
1467 3671 1569 3756 »τοὺς
1583 3681 1664 3743 πλα-

356 3775 491 3851 νῶντας
513 3769 578 3841 τόν
599 3768 685 3843 λαόν
706 3797 804 3860 μοοι·
827 3769 868 3845 οὐ
891 3773 952 3863 γὰρ
975 3772 1015 3862 δή
1038 3778 1212 3862 ταῦτατῷ
1236 3778 1392 3862 αἰσθητῷ
1415 3770 1601 3861 έφαρμόζοι
1622 3768 1664 3842 όν

355 3864 452 3958 ἡλίῳ,
479 3876 534 3943 ὅθ’
563 3865 637 3942 ἀλλ’
661 3867 738 3944 οὐδὲ
760 3878 810 3961 τῷ
833 3870 985 3960 ένσάρκφ
1008 3868 1110 3961 λόγῳ.

440 4089 1419 4159 4Ρε.3ο,10-σ]οα8.12-7101146-8Ρε.42,3
1446 4120 1480 4130 -
1509 4088 1663 4146 llIEsra

352 4192 377 4251 4,
396 4190 436 4245 38.
454 4192 488 4246 39
506 4222 539 4230 -
559 4193 597 4249 15
616 4193 628 4246 Ι
647 4192 716 4247 Esra
732 4196 757 4255 4,
774 4194 809 4248 40
826 4223 859 4231 -
878 4194 917 4251 18
934 4193 995 4249 Joh.
1014 4196 1055 4257 14,
1073 4194 1090 4248 6
1108 4223 1141 4232 -
1165 4194 1204 4248 20
1222 4193 1266 4247 Ρε.
1284 4194 1361 4259 4ῠ,5
1388 4221 1421 4231 -
1448 4190 1489 4247 22
1509 4192 1553 4245 Ρε.
1572 4191 1661 4253 67,17

353 4320 386 4330 -
413 4292 453 4347 28
480 4291 550 4348 Dan.
567 4295 643 4360 2,34
670 4323 702 4334 -
729 4295 768 4350 24
792 4293 954 4356 Dan.2‚35
980 4323 1013 4333 -
1040 4295 1077 4349 27
1103 4294 1251 4362 Jes.41,2
1277 4324 1311 4333 -
1338 4294 1377 4350 29
1395 4292 1539 4360 Μο1.4,2
1566 4319 1599 4331 -
1622 4290 1659 4346 81

352 4392 445 4447 Micha
463 4395 486 4460 3,
505 4394 564 4449 6.5

440 4596 453 4649 1
474 4612 531 4661 μοι·
548 4590 667 4650 έναιτδν
686 4596 710 4647 V
743 4596 749 4663 Ι
782 4594 1101 4664 suywvv‚eorr.1(1
1129 4598 1134 4666 Ι
1166 4589 1353 4665 θόνδήγησοιν
1371 4595 1445 4649 Lxx
1469 4599 1473 4663 Ι
1503 4595 1539 4650 1⁸
1556 4594 1575 4649 l.
1593 4592 1660 4665 πρό·

352 4697 470 4750 σωπονῖ
502 4701 507 4765 l
540 4698 579 4752 29
597 4693 641 4768 κβ
660 4698 694 4750 Κ]
