3698 5510
590 472 624 528 de
642 473 826 529 εοαΙοιὶεείίοιι
843 472 986 543 theologia
1003 473 1074 529 120.
1450 472 1490 537 89

184 666 262 728 γενη
245 636 383 709 ””καί
362 666 471 725 αρτον
498 642 587 726 ζωῆς
611 643 667 708 καί
695 632 811 708 πάντα
840 642 972 726 μᾶλλον
1001 631 1023 725 ῆ
1054 631 1266 725 λόγονκαὶ
1297 632 1403 724 λόγον
1429 637 1490 723 μέν
1506 642 1542 698 48

183 743 269 827 ἔχειν
291 733 440 809 διδάσκει
463 733 607 823 φάσκων
631 733 711 808 »έάν
731 765 783 819 τις
803 733 918 829 άγαπᾷ
939 763 991 826 με,
1017 733 1082 808 τὸν
1108 732 1213 826 λόγον
1233 764 1299 826 μου
1320 732 1489 826 τηρῆσειι,

183 836 310 910 ἑαυτὸν
331 843 370 960 ιίί<
389 832 495 957 λόγον
516 832 665 908 εἶναι’
624 865 665 909 ου
688 843 798 927 φησίν
839 843 918 918 πῶς
944 827 1006 907 οῦν
1031 835 1116 925 μετὰ
1143 842 1253 907 ταῦτα
1282 831 1399 907 πάντα
1428 829 1491 905 οῦκ

182 932 370 1031 έραθριῆι<
351 967 370 1009 ο
391 933 500 1025 μόνον
523 931 627 1024 λόγον
648 943 702 1007 καί
725 931 824 1008 οὐδέν
846 936 964 1024 ἕτερον
986 932 1129 1006 εἶναι’
1087 935 1193 1007 αυτόν
1213 931 1493 1024 άποφηνάμενος,·

151 1033 378 1109 5ίπάκονσον
400 1042 483 1126 γοῦν
505 1029 602 1118 όπως
624 1038 771 1156 ἔγραφεν
792 1042 904 1125 λέγων

243 1141 316 1222 (Nr.
332 1145 383 1222 37)
371 1134 490 1222 )αῦστε
510 1133 733 1225 πανταχόθεν
755 1132 863 1225 δῆλόν
884 1139 977 1207 ἐστιν
998 1139 1103 1225 μηδὲν
1118 1134 1236 1258 ἕτερον
1257 1158 1300 1223 τη
1285 1130 1493 1222 άιδιότητι

242 1241 310 1307 τοῦ
332 1232 480 1325 λόγονε
459 1233 641 1327 αρμόττειν
664 1228 772 1322 ὄνομα
793 1230 816 1323 ῆ
838 1230 937 1308 τοῦθ’
960 1228 1043 1322 ὅπερ
1067 1228 1086 1305 ό
1108 1228 1302 1323 άγιοῦτατος
1323 1240 1387 1307 τοῦ
1410 1238 1494 1306 θεοῦ

242 1336 405 1426 μαθητὴς
425 1345 482 1407 καί
504 1332 697 1418 ἀπόστολος
718 1331 877 1425 Ἰωάννης
907 1331 997 1405 έν
976 1342 1060 1424 αρχῆ
1087 1340 1150 1407 τοῦ
1173 1333 1367 1424 εὐαγγελίου
1390 1335 1492 1406 είπεν.

179 1442 234 1507 καί
256 1432 366 1508 πάλιν
1510 1442 1544 1496 49

134 1547 165 1602 10
242 1539 315 1622 (Nr
339 1538 442 1623 37)ί
439 1564 480 1609 να
502 1543 604 1658 θείξη
615 1528 686 1619 ότι,
710 1538 740 1606 εί
760 1563 794 1605 τι
815 1532 936 1605 καινὸν
956 1540 1011 1605 καί
1043 1534 1215 1623 νεώτερον
1246 1527 1367 1624 ὄνομα,
1398 1529 1494 1606 τοῦτ’

242 1633 316 1707 άπὸ
339 1642 401 1727 τῆς
422 1641 539 1726 καινῆς
561 1631 657 1725 a5t5
679 1641 734 1705 καί
756 1639 835 1715 νέας
855 1628 981 1721 ῦπῆρξε
1002 1631 1090 1704 κατὰ
1112 1631 1220 1722 σάρκα
1241 1637 1444 1723 οἰκονομίας.

178 1742 234 1805 καὶ
255 1727 362 1818 αὖθις
1511 1745 1546 1799 50

244 1838 317 1921 (Nr.
340 1842 392 1921 42)
424 1832 549 1908 οῦκοῦν
577 1832 646 1922 πρὸ
676 1839 738 1924 μέν
718 1837 831 1906 ντοῦ
860 1840 1044 1904 κατελθεῖν
1072 1838 1129 1904 καὶ
1155 1831 1209 1905 διὰ
1235 1839 1298 1924 τῆς
1309 1838 1496 1956 παρθένου

245 1939 414 2024 τεχθῆναι
435 1932 537 2059 λόγος
559 1925 602 2024 ῆν
618 1930 735 2023 μόνον.
777 1937 849 2004 ἐπεὶ
879 1939 914 2003 τί
945 1923 1112 2053 ἕτερον
1094 1961 1137 2022 ην
1165 1930 1233 2020 πρό
1262 1940 1325 2006 τοῦ
1351 1933 1416 2024 τῆν
1439 1929 1496 2004 άν-

135 2046 164 2100 15
245 2040 434 2124 θρωπίνην
455 2031 637 2118 αναλαβεῖν
659 2056 765 2123 σαρκο
792 2061 837 2104 το
860 2030 1066 2104 κατελθον
1098 2027 1172 2103 »ἐπ’
1201 2030 1384 2121 ἐσχάτων
1414 2040 1498 2105 τῶν

243 2128 442 2223 ῆμεριῦνι,
466 2131 514 2217 ιός
535 2140 592 2205 καὶ
613 2129 717 2216 αῦτός
737 2137 916 2221 γέγραφεν,
937 2136 1001 2203 καί
1024 2137 1222 2222 γεννηθὲν
1243 2136 1285 2204 έκ
1307 2138 1377 2223 τῆς
1398 2161 1495 2222 παρ-

241 2238 386 2317 θένου;
408 2230 508 2305 οῦόίν
530 2234 647 2322 ἕτερον
670 2224 713 2322 ῆν
734 2228 757 2321 5
778 2226 887 2320 λόγος.

181 2337 336 2403 τοσαῦτα
367 2338 558 2422 Μαρκέλλῳ
589 2339 696 2406 είπεῑν
724 2338 780 2403 καί
810 2328 1056 2421 άποφῆνασθαι
1086 2327 1251 2419 πάρεστιν
1282 2330 1336 2403 διὰ
1374 2329 1414 2404 τό
1450 2332 1496 2421 μῆ
1513 2343 1544 2396 51

181 2424 366 2521 ὁμολογεῖν
381 2430 445 2505 τόν
462 2429 539 2504 νίόν
552 2439 616 2507 τοῦ
630 2438 724 2505 θεοῦ.
758 2428 845 2520 πρὸς
868 2424 909 2502 όν
930 2431 1026 2501 είπεν
1047 2426 1091 2500 άν
1111 2425 1131 2501 5
1153 2426 1387 2521 εῦαγγελιστῆς
1414 2438 1497 2521 μέγα

135 2541 166 2598 20
182 2527 383 2620 έπιβοῆοας·
405 2540 439 2604 τί
459 2530 535 2653 φῆς,
557 2531 739 2621 άνθρωπε;
761 2528 803 2605 οῦ
823 2527 928 2619 λόγον
950 2524 1058 2600 αὐτόν
1082 2530 1170 2619 ἔφην
1189 2527 1309 2619 μόνον,
1331 2525 1419 2602 άλλά
1440 2539 1497 2601 καί

181 2628 285 2716 θεόν,
316 2637 372 2701 καὶ
402 2638 496 2719 »φῶς
521 2630 563 2703 τὸ
594 2639 750 2720 φωτίζον
778 2627 893 2702 πάντα
924 2629 1115 2717 ἄνθρωπον
1141 2625 1325 2719 ἐρχόμενον
1355 2635 1402 2712 είς
1432 2629 1496 2700 τόν

181 2726 348 2819 κόσμονι,
370 2738 425 2801 καί
447 2737 614 2821 μονογενῆ
635 2727 769 2802 υίὸν
734 2760 797 2801 τον
829 2734 895 2812 »εἰς
922 2727 986 2800 τόν
1007 2724 1141 2800 κόλπον
1162 2733 1226 2802 τοῦ
1246 2724 1407 2817 πατρόςι.
1450 2727 1495 2848 μῆ
1512 2744 1547 2799 52

183 2828 224 2951 55
248 2820 314 2902 οὖν
335 2837 593 2917 συκοφαντείτω
616 2859 668 2915 τις
683 2827 746 2950 τόν
760 2827 940 2917 θεολόγον,
962 2822 1037 2900 ἀλλ’
1053 2823 1201 2917 άκριβιῦς
1214 2831 1363 2900 έπαῖέτω
1379 2823 1494 2911 αῦτοῦ,

184 2924 312 3003 όποῑον
331 2926 481 3002 ῦπέθετο
504 2926 610 3019 λόγον
631 2928 724 3018 παρὰ
744 2927 854 3050 πόδας
875 2924 1029 3014 συνάψας
1059 2936 1133 2998 »καί
1154 2925 1236 3011 θεὸς
1258 2919 1302 3017 ῆν
1323 2923 1343 3051 5
1374 2923 1492 3017 λόγος(

138 3038 169 3094 25
184 3036 240 3100 καί
274 3036 437 3118 προσθείς
459 3027 500 3101 τό
526 3027 658 3101 »πάντα
689 3024 735 3099 δι’
767 3024 874 3098 αὐτοῦ
904 3031 1068 3115 έγένετοι.
1109 3026 1198 3099 κατὰ
1229 3034 1265 3100 δὲ
1294 3023 1402 3100 αὐτὸν
1432 3026 1497 3098 τὸν

185 3137 263 3201 τῶν
285 3122 381 3200 όλων
402 3135 542 3220 σωτῆρα
564 3124 642 3200 0555
664 3119 755 3215 ῦπαξ
776 3124 973 3216 ὠνόμασται
995 3123 1107 3215 λόγος
1130 3122 1219 3199 άλλά
1239 3125 1312 3210 υίὸς
1334 3132 1420 3199 θεοῦ
1440 3134 1496 3196 καί

186 3228 375 3319 μονογενὴς
395 3236 452 3301 καὶ
474 3235 550 3317 φοῦς
569 3234 625 3300 καί
648 3227 718 3317 ζωῆ
741 3234 797 3299 καί
818 3221 962 3314 ἀλήθεια
983 3232 1040 3296 καὶ
1061 3222 1176 3297 πάντα
1194 3232 1327 3315 μᾶλλον
1348 3255 1369 3315 η
1352 3221 1496 3316 λογος

273 3330 340 3420 ἠ’.
363 3336 391 3401 εί
413 3333 447 3400 δὲ
470 3334 561 3416 λέγοι
583 3333 692 3398 ταῦτα
714 3332 751 3399 ἐκ
773 3332 834 3448 τῆς
855 3331 975 3415 καινῆς
1000 3321 1165 3415 διαθῆκης
1188 3331 1352 3415 εἰρῆσθαι,
1376 3323 1497 3446 λεχθῆ-
1514 3342 1614 3412 53198

187 3452 282 3499 σεται
304 3422 476 3519 αῦτῷότι
498 3426 618 3500 καὶτὸ
643 3423 807 3549 »ἐνάρχῆ
838 3417 881 3515 ῆν
911 3419 1070 3513 όλόγοςι
1104 3420 1177 3496 οὐδ’
1203 3426 1376 3512 ἑτέρωθεν
1401 3454 1445 3515 ην
1475 3454 1495 3514 η

138 3532 223 3615 θθίξ
245 3524 359 3616 αῦτῆς.
401 3528 502 3618 5555
524 3519 587 3599 οῦν
608 3533 663 3598 καί
686 3525 727 3597 τό
749 3522 834 3597 αὐτὸ
860 3518 1107 3614 εῦαγγίλιον
1087 3551 1106 3594 ο
1138 3520 1242 3605 αῦτός
1268 3552 1306 3593 τε
1334 3521 1497 3613 εῦαγγελι·

188 3652 272 3717 στης
295 3622 314 3700 5
336 3623 441 3717 λόγον
471 3624 577 3699 αὐτόν
608 3627 716 3698 είπών
750 3631 806 3696 καί
837 3625 881 3696 τά
907 3622 1011 3696 λοιπὰ
1037 3619 1153 3694 πάντα
1177 3631 1254 3713 περί
1275 3619 1383 3696 αότοῦ
1405 3649 1497 3696 συνε

187 3724 354 3815 γράφατο.

271 3824 316 3898 θ’.
343 3832 398 3898 καί
421 3832 556 3908 Παῦλος
578 3831 614 3896 δὲ
635 3819 654 3896 5
677 3835 772 3908 θεῖος
795 3820 987 3906 άπόστολος
1015 3828 1127 3912 λέγων
1159 3819 1256 3912 »ἡμῖν
1287 3822 1334 3907 είς
1364 3821 1445 3907 θεὸς
1475 3818 1547 3896 ό54

188 3923 318 4017 πατήρ,
341 3930 377 4012 ἐξ
399 3917 440 3997 οῦ
462 3924 505 3998 τὰ
526 3921 657 4009 πάντα,
687 3931 740 3995 καί
764 3923 811 4005 εἷς
829 3921 946 4011 κύριος
966 3920 1089 4013 Ἰησοῦς
1111 3921 1272 4011 Χριστός,
1303 3918 1350 3993 δι’
1381 3914 1423 3994 05
1453 3921 1496 3993 τά

141 4032 172 4087 35
190 4023 336 4111 πόντοι,
358 4021 461 4115 δῆλός
483 4030 577 4098 ἐστιν
598 4024 662 4096 τόν
682 4022 751 4115 πρὸ
774 4030 836 4114 τῆς
857 4019 1023 4111 ένσάρκου
1043 4029 1229 4110 παρουσίας
1243 4019 1320 4093 νίόν
1334 4026 1398 4093 τοῦ
1412 4026 1497 4093 θεοῦ

278 4246 297 4302 2
315 4246 378 4302 Joh.
397 4249 437 4309 14.
455 4247 490 4302 23
506 4275 540 4286 -
558 4245 652 4315 4v31.
670 4245 716 4300 Nr.
734 4248 776 4301 42.
794 4246 828 4299 43
846 4274 879 4284 -
899 4245 936 4300 15
955 4243 1037 4298 Hebr.
1056 4244 1106 4305 1‚2
1123 4271 1155 4281 -
1174 4241 1236 4299 201
1250 4240 1312 4297 Joh.
1331 4245 1354 4309 1,
1373 4244 1387 4297 1
1406 4272 1440 4281 -
1459 4243 1496 4298 21

190 4349 251 4405 Joh.
271 4354 295 4415 1,
311 4351 328 4404 9
346 4377 380 4386 -
399 4349 438 4404 22
457 4347 519 4403 Joh.
538 4350 561 4410 1.
581 4348 663 4403 18-
682 4348 722 4404 24
740 4348 801 4402 Joh.
820 4350 843 4411 1,
864 4350 878 4401 l
900 4376 934 4385 -
961 4344 1000 4401 25
1018 4343 1079 4399 Joh.
1098 4346 1122 4409 1,
1141 4346 1157 4397 3
1182 4372 1216 4382 -
1242 4343 1282 4399 λθ
1299 4341 1361 4397 Joh.
1381 4346 1438 4410 1,1
1464 4373 1498 4384 -

190 4450 229 4506 88
246 4452 259 4504 Ι
276 4449 341 4505 Kor.
359 4454 383 4513 8.
401 4452 426 4505 6.

275 4652 291 4707 l
311 4653 421 4720 μᾶλλον
438 4652 478 4706 Ro
496 4650 551 4721 vgl.
569 4652 596 4706 Z.
615 4653 648 4706 27
666 4649 753 4720 λόγον
772 4650 796 4703 V
830 4651 834 4716 Ι
867 4648 905 4704 25
924 4647 1064 4718 προσθείς
1082 4645 1120 4699 V²
1136 4664 1220 4720 προν
1237 4664 1254 4694 ε
1271 4646 1334 4712 θείς
1351 4646 1391 4699 V*
