3674 5506
316 447 373 509 152
899 439 1033 496 Eusebius

314 597 547 692 ἐλεγχόμενος(
572 611 628 674 καὶ
662 608 743 689 νυίί,
774 601 835 675 ἐὰν
859 611 974 687 καλῶς
995 610 1075 694 γένη
1097 609 1244 692 σεαυτῷ,
1265 601 1371 684 καλὸς
1392 604 1450 691 ἔαρ
1471 609 1527 672 καὶ
1548 621 1622 687 τοις
1639 615 1676 669 35

313 710 470 791 πλησίον·
491 702 552 774 ἐάν
573 709 609 774 δέ
629 701 734 786 κακὸς
756 699 899 792 άποβῇς,
920 700 1026 793 μόνος
1048 700 1224 792 άντλήσεις
1246 700 1291 774 τά
1311 699 1429 774 κακάι.
1469 711 1571 792 μυρία
1592 701 1621 775 δ’

314 799 357 872 άν
378 807 434 873 καὶ
456 798 559 886 αῦτὸς
580 801 718 886 τούτοις
740 795 840 892 όμοια
869 798 949 874 καθ>
975 801 1099 874 ἑαυτὸν
1129 799 1198 873 άπὸ
1229 809 1291 892 τῆς
1321 810 1438 888 βίβλου
1461 810 1535 874 τῶν
1555 810 1623 873 Πα-

313 908 457 989 ροιμιῶν
486 897 675 989 άναλέξαις,
709 898 756 975 δι’
789 894 841 974 ῶν
875 898 895 974 δ
926 899 1027 992 λόγος
1058 910 1216 989 φαίνεται
1250 909 1384 992 νηπίοις
1420 901 1481 986 τάς
1516 902 1625 992 ψυχὰς

279 997 655 1091 δπροσλδιαλεγόμενος.
698 994 792 1073 οῦτω
822 1009 878 1073 καὶ
900 1009 1040 1100 Μωσῆς,
1057 1000 1275 1091 παιδαγωγὸς
1301 1009 1374 1073 τῶν
1401 998 1536 1074 ἀτελῶν
1563 1002 1625 1087 τὰς
1643 1016 1772 1084 361162

315 1107 439 1188 φρένας
461 1097 637 1190 ῦπάρχων,
661 1096 809 1189 ούρανοῦ
829 1108 884 1172 καλ
907 1107 967 1192 γῆς
987 1108 1043 1174 καί
1066 1108 1127 1191 τῆς
1153 1110 1227 1174 τῶν
1249 1096 1389 1191 όρατῶν
1410 1107 1625 1191 δημιουργίας

314 1198 571 1291 ἐμνημόνευσεν,
603 1196 645 1273 οῦ
672 1200 741 1290 μὴν
765 1207 821 1271 καὶ
846 1209 988 1283 κτίσεως
1020 1197 1176 1291 άγγέλων
1210 1197 1288 1274 οῦδὲ
1313 1209 1421 1274 θείων
1446 1200 1625 1291 δυνάμεων

314 1296 393 1373 οῦδὲ
414 1296 622 1390 πνευμάτων
643 1296 763 1389 άγίων,
790 1307 842 1390 τῶ
869 1299 914 1391 μὴ
935 1319 1059 1391 χωρεῖν
1080 1330 1137 1372 πω
1159 1300 1225 1390 τὴν
1247 1299 1385 1373 τούτων
1406 1305 1625 1373 διδασκαλίαν

315 1400 396 1483 τοῦς
417 1397 511 1489 αύτῷ
533 1407 842 1490 μαθητευομένους.
885 1396 1028 1482 εἰκότως
1050 1407 1232 1489 τοιγαροῦν
1253 1410 1310 1472 καί
1332 1396 1352 1473 δ
1379 1405 1416 1472 ἐν
1438 1420 1512 1483 ταῖς
1532 1410 1623 1492 Παρ·
1640 1421 1677 1475 37

264 1514 297 1566 10
316 1508 439 1589 οιμίαις
460 1497 561 1589 λόγος
582 1497 631 1581 ῶς
652 1497 824 1583 τοιούτοις
846 1494 914 1571 άπὸ
937 1507 1012 1571 τῶν
1032 1508 1110 1589 περὶ
1132 1507 1196 1591 γῆν
1217 1495 1311 1590 δρῶν
1334 1530 1372 1573 τε
1398 1510 1455 1573 καὶ
1483 1509 1623 1588 βουνῶν

313 1606 370 1669 καὶ
391 1605 513 1688 πηγῶν
535 1594 584 1682 ῶς
606 1595 673 1670 άπὸ
696 1604 968 1689 γνωριμωτέρων
993 1600 1059 1689 τὴν
1084 1606 1301 1672 διδασκαλίαν
1321 1605 1486 1688 ἐποιεῖτο,
1518 1598 1568 1686 ῶς
1589 1605 1625 1689 ἐξ

314 1694 513 1787 ῦποβάθρας
533 1694 717 1787 άρξάμενος
738 1702 794 1769 ἐπὶ
816 1696 860 1769 τά
881 1707 1028 1788 κρείττω
1049 1696 1326 1790 χειραγωγὴσειεν
1348 1699 1430 1783 τοῦς
1449 1706 1624 1791 παιδαγω-

314 1803 506 1887 γουμένους,
530 1793 598 1869 ἀπό
621 1827 659 1868 τε
681 1804 754 1869 τῶν
776 1804 1007 1889 σμικροτέρων
1028 1804 1084 1871 ἐπὶ
1105 1799 1149 1871 τὰ
1171 1796 1331 1890 θειότερα
1357 1805 1539 1886 διαβαίνειν
1560 1829 1625 1872 πα-

314 1894 555 1986 ρασκευάσειεν.
598 1903 788 1986 ταῦταμὲν
810 1891 886 1983 οῦν,
909 1904 937 1969 εί
956 1903 1062 1989 μηδέν
1083 1927 1135 1982 τις
1155 1904 1242 1988 πέρα
1264 1905 1326 1989 τῆς
1350 1906 1473 1986 λέξεως
1493 1927 1624 1989 περιερ·
1640 1915 1680 1970 38

264 2010 296 2063 15
313 1994 463 2085 γάζοιτο·
486 2002 516 2069 εί
536 2001 572 2068 δέ
592 1991 785 2085 βαθῦτερόν
806 2026 859 2080 τις
879 2004 937 2070 καὶ
958 2004 1067 2070 ταῦτα
1089 2015 1182 2070 νοεῖν
1203 2003 1327 2082 ἐθέλοι,
1351 1994 1392 2071 οῦ
1412 2005 1545 2089 μᾶλλον
1566 2004 1624 2073 ἐπὶ

316 2095 396 2178 τοῦς
417 2090 680 2184 άποστόλουςῆ
711 2100 765 2168 ἐπὶ
794 2093 928 2180 πάντας
958 2097 1038 2180 τοῦς
1067 2098 1213 2170 πῶποτε
1243 2105 1445 2188 γενομένους
1475 2106 1626 2181 δικαίους

313 2203 370 2265 καὶ
390 2206 566 2281 θεοφιλεῖς
588 2194 714 2284 ἄνδρας
735 2192 822 2267 αύτά
847 2199 1028 2282 ἐκδέξεται,
1056 2193 1248 2285 διαβήσεται
1274 2203 1309 2268 δέ
1331 2203 1471 2270 ἐνθένδε
1490 2207 1547 2270 καί
1568 2202 1626 2270 ἐπὶ
1723 2237 1731 2248 ’

314 2293 377 2377 τὰς
399 2302 494 2377 θείας
515 2303 571 2367 καὶ
586 2290 762 2384 άγγελικάς
776 2292 942 2385 δυνάμεις,
965 2289 1028 2385 ὄρη
1049 2303 1158 2385 λέγων
1177 2303 1233 2367 καὶ
1247 2296 1391 2379 βουνούς
1412 2300 1625 2370 αἰνίττεσθαι

315 2390 468 2484 άγγέλων
489 2401 546 2464 καί
567 2391 784 2483 άρχαγγέλων
805 2403 863 2466 καὶ
883 2392 1093 2485 πνευμάτων
1123 2404 1232 2467 θείων
1263 2394 1442 2485 διαφοράς,
1472 2395 1623 2486 θρόνους

263 2502 297 2557 20
315 2521 353 2564 τε
374 2500 430 2563 καί
451 2490 655 2583 κυριότητος
676 2502 731 2565 καὶ
754 2490 856 2584 άρχάς
877 2503 933 2567 καὶ
955 2501 1115 2581 ἐξουσίας,
1138 2489 1194 2567 ότι
1215 2494 1255 2585 δὴ
1277 2503 1334 2566 καὶ
1355 2502 1465 2568 ταῦτα
1489 2494 1622 2569 »πάντα
1640 2513 1680 2569 39

316 2591 380 2680 [τά]
398 2588 444 2664 δι’
467 2589 574 2666 αῦτοῦ
589 2600 645 2665 καί
667 2599 714 2677 εἰς
736 2589 861 2666 αῦτὸνι
878 2600 1034 2667 ἐκτίσθαι
1054 2602 1112 2666 καὶ
1129 2594 1214 2683 »πρὸ
1235 2592 1397 2667 πάντωντ
1416 2593 1523 2668 αύτδν
1537 2598 1625 2669 εἶναι

316 2690 454 2765 τούτων
476 2686 495 2764 ό
517 2702 613 2777 θεῖος
634 2698 783 2780 ἐδίδαξεν
806 2691 1012 2780 ἀπόστολος,
1035 2697 1138 2766 ἐνθεν
1159 2692 1207 2778 ῶς
1228 2694 1317 2778 εἰκός
1339 2690 1545 2786 ὁρμώμενος,
1568 2697 1625 2769 διὰ

315 2790 356 2864 τὸ
379 2798 538 2880 λέγεσθαι
568 2796 605 2864 ἐν
625 2790 764 2875 τούτοις
786 2797 824 2864 ἐκ
843 2794 1034 2884 προσώπου
1055 2799 1119 2866 τοῦ
1149 2798 1225 2866 υίοῦ
1255 2801 1319 2867 τοῦ
1348 2802 1434 2867 θεοῦ
1464 2794 1504 2873 τὸ
1538 2796 1624 2884 »πρὸ

315 2897 379 2963 τοῦ
401 2884 463 2980 όρη
485 2893 707 2982 ἑδρασθῆναι,
738 2890 806 2982 πρό
837 2898 873 2963 δὲ
905 2891 1052 2965 πάντων
1072 2900 1210 2978 βουνῶν
1240 2900 1340 2987 γεννᾷ
1369 2924 1438 2984 μετ.
1489 2895 1534 2967 τὰ
1562 2904 1626 2986 μὲν

263 3010 297 3065 25
315 2983 378 3063 οῦν
399 2989 488 3063 ἄλλα
509 2987 677 3080 ἦδράσθαι
699 2993 776 3081 ἔφη,
807 2988 916 3081 μόνον
946 2999 982 3065 δέ
1004 2990 1111 3065 αῦτὸν
1132 2999 1353 3083 γεγεννῆσθαι
1371 2992 1439 3083 πρὸ
1463 3002 1526 3085 τῆς
1550 3003 1625 3067 τῶν

315 3096 548 3179 δηλωθέντων
578 3087 779 3173 συστάσεως.
832 3092 924 3164 οίδεν
955 3098 990 3163 δὲ
1025 3091 1090 3181 τὴν
1119 3090 1325 3182 ἐπουράνιον
1359 3088 1569 3184 Ἰερουσαλὴμ
1604 3090 1681 3167 δίο

314 3186 419 3274 αὐτὸς
444 3186 639 3274 άπόστολος
668 3197 724 3261 καὶ
754 3189 796 3262 τὸ
822 3187 984 3281 οῦράνιον
1005 3185 1086 3280 ὄρος
1107 3187 1160 3279 ἐφ’
1183 3184 1213 3281 ᾦ
1244 3190 1375 3281 ταύτην
1406 3195 1491 3266 είναί
1520 3218 1626 3284 φησιν

314 3297 425 3378 λέγων
450 3287 747 3379 »προσεληλύθατε
769 3290 867 3361 Σιῶν
893 3284 963 3379 ὄρει
991 3299 1047 3362 καὶ
1073 3288 1172 3363 πόλει
1198 3298 1282 3363 θεοῦ
1304 3298 1451 3380 ζῶντος,
1472 3288 1626 3382 Ἰερουσα-

314 3388 380 3479 λὴμ
402 3393 606 3480 ἐπουρανίῳ,
627 3397 684 3460 καὶ
705 3386 860 3479 μυριάσιν
881 3384 1045 3478 άγγέλων,
1067 3389 1253 3481 πανηγύρει
1273 3397 1330 3463 καὶ
1351 3395 1510 3484 ἐκκλησίᾳ
1530 3422 1625 3480 πρω-

264 3506 297 3560 30
314 3484 474 3560 τοτόκων
509 3485 820 3578 ἀπογεγραμμένων
859 3492 897 3559 ἐν
933 3486 1119 3578 οῦρανοῑςι.
1173 3497 1230 3562 καὶ
1266 3488 1404 3562 τούτων
1439 3500 1624 3581 τοιγαροῦν

314 3583 482 3660 άπάντων
503 3584 735 3676 προῦπάρχων
766 3584 785 3660 ὁ
816 3595 880 3660 τοῦ
909 3594 994 3660 θεοῦ
1023 3589 1209 3680 μονογενὴς
1238 3588 1311 3674 υίὸς
1341 3590 1385 3662 τὰ
1412 3596 1473 3680 τῆς
1498 3598 1625 3674 οίκείας

314 3683 512 3777 άπορρὴτου
532 3685 721 3777 γεννήσεως
743 3692 1034 3778 ἐπικεκρυμμίνως
1056 3688 1111 3761 διὰ
1133 3696 1207 3762 τῶν
1228 3696 1428 3779 Παροιμιῶν
1453 3696 1509 3764 81¹
1531 3690 1625 3778 ᾐνίτ-

314 3816 403 3859 τετο.
445 3794 500 3858 καὶ
524 3781 579 3859 ότι
599 3815 637 3875 γε
659 3796 766 3859 ταῦτα
787 3784 953 3873 ῦπέβαλλε
983 3807 1089 3873 νοεῖν,
1120 3794 1227 3878 δῆλον
1258 3787 1301 3860 ἂν
1326 3795 1461 3879 γένοιτο
1488 3785 1546 3877 ἄρ’
1570 3783 1623 3863 ῶν
1638 3806 1674 3859 41

314 3884 477 3959 συνάπτει
508 3889 583 3977 ἑξῆς
614 3893 723 3974 λέγων
763 3881 880 3976 »ἡνίκα
911 3883 1093 3976 ἡτοίμαζον
1123 3887 1187 3959 τόν
1217 3884 1367 3978 οῦρανὸν
1397 3886 1623 3980 συμπαρήμην

262 4004 295 4058 35
313 3982 437 4076 αῦτῷι.
481 3990 566 4058 ἔνθα
587 3981 607 4058 δ
628 4003 783 4075 γενναῖος
805 3992 879 4056 τῶν
905 3994 1048 4076 γραφῶν
1075 3988 1234 4078 ἑρμηνεὺς
1263 3984 1502 4072 άποκλεισθελς
1532 3991 1622 4079 ἔστη,

399 4157 417 4212 1
437 4156 516 4212 Prov.
535 4158 559 4221 9,
578 4158 661 4211 12-
679 4157 730 4212 aff
744 4157 800 4227 vgl.
818 4157 844 4211 S.
863 4158 920 4222 127,
939 4161 979 4212 11.
998 4159 1039 4216 28.
1067 4161 1124 4226 143,
1141 4158 1252 4215 2611-
1271 4158 1341 4215 1911
1356 4156 1417 4214 KoL
1436 4161 1460 4225 1,
1479 4160 1520 4216 16.
1539 4162 1571 4214 17
1589 4189 1623 4198 -

314 4258 354 4313 28
372 4257 451 4312 Prov.
460 4258 485 4326 8,
494 4259 528 4314 25
545 4289 579 4299 -
597 4259 636 4315 28
654 4256 737 4312 Hebr.
756 4259 797 4325 12,
814 4260 856 4312 22.
874 4259 907 4314 23
925 4289 958 4297 -
979 4257 1018 4314 24
1036 4259 1116 4314 Ριοτ.
1135 4259 1160 4326 8,
1178 4261 1211 4314 27

387 4408 403 4464 1
426 4411 521 4473 καλῶς
539 4435 545 4460 a
564 4449 571 4464 .
588 4405 686 4478 καλὸς]
705 4412 802 4479 σοφῶς
819 4448 826 4462 .
845 4446 852 4461 .
870 4405 960 4477 σοφὸς
978 4408 1079 4478 Lxx!
1109 4405 1275 4476 1ἀναλέξει
1292 4412 1347 4480 (-ξη
1365 4410 1413 4480 V2)
1433 4411 1466 4478 V,
1484 4426 1552 4465 corr.
1570 4411 1623 4466 We

318 4512 321 4579 λ
353 4510 390 4566 21
413 4508 449 4566 τὰ
466 4512 514 4565 atr.
531 4508 570 4563 V²
600 4511 606 4578 Ι
638 4505 763 4579 αύτδνς
785 4505 921 4565 αῦτῶνλί
954 4513 958 4577 Ι
991 4510 1029 4567 22
1057 4505 1140 4566 ἔνθεν
1158 4506 1198 4576 ὥς
1223 4511 1259 4565 Kl
1285 4511 1341 4581 vgl.
1359 4511 1495 4568 110118.
1515 4513 1623 4582 110,22

314 4609 462 4676 ένθέωςλί
490 4611 494 4679 Ι
527 4611 565 4666 25
584 4614 707 4683 δρᾶσθαι
725 4612 758 4675 V,
776 4628 843 4669 corr.
862 4609 939 4664 Zahn
970 4612 975 4679 1
1008 4608 1094 4666 αὐτὸν
1111 4613 1326 4682 γεγενῆσθαιλί
