3698 5510
587 479 621 535 de
639 480 825 537 ecclesiastiea
841 478 983 549 theologia
1000 480 1025 533 II
1044 481 1083 535 19.
1104 481 1146 535 20.
1463 484 1521 545 127

270 639 413 735 ήγοῦμαι
443 650 501 715 καὶ
523 639 629 714 αῦτὸν
651 648 812 730 ἐπιδείξαι
843 639 937 732 αύτῷ
971 641 1014 714 τὰ
1046 637 1133 714 αῦτά
1164 659 1236 723 τοὶς
1265 646 1522 729 προειρημένοις

270 740 378 831 ἀγίαις
404 749 560 833 λέγοντα·
600 743 798 827 »ἀκουσον,ι
833 749 937 832 φησίν
970 738 1072 825 »λαός
1100 770 1175 830 μου,
1206 748 1262 811 καὶ
1284 739 1424 828 λαλήσω
1455 763 1521 813 σοι·

269 839 406 932 Ἰσραήλ,
437 849 492 915 καὶ
523 841 791 932 διαμαρτύρομαί
821 866 882 914 σοι.
924 840 985 913 ἐάν
1006 838 1151 929 ἀκούσης
1178 869 1256 930 μου,
1285 838 1347 913 οῦκ
1370 844 1462 912 ἔσται
1483 846 1520 913 ἐν

271 950 323 1014 σοὶ
344 940 427 1023 θεὸς
448 939 658 1031 πρόσφατος,
682 937 760 1015 ούδὲ
782 939 1026 1029 προσκυνήσεις
1047 948 1120 1031 θεῷ
1143 936 1324 1029 ἀλλοτρίῳ.
1367 942 1434 1029 ἐγώ
1457 937 1521 1028 γάρ
1538 947 1569 999 21

271 1048 337 1131 είμι
356 1040 473 1128 κύριος
495 1036 515 1111 δ
538 1039 620 1125 θεός
642 1064 735 1115 σουι.
757 1035 902 1113 δαύτδν
916 1040 1105 1124 ἐπιδεικνύς
1124 1049 1182 1112 καὶ
1197 1045 1307 1129 λέγων
1324 1040 1407 1129 »ἐγῶ
1423 1047 1521 1129 είμιι

271 1172 313 1216 συ
304 1139 438 1231 δῆλός
459 1146 552 1213 ἐστιν
580 1143 640 1213 ένα
662 1139 748 1213 θεὸν
768 1137 879 1230 μόνον
910 1142 997 1212 εἶναι
1027 1146 1151 1228 λέγων,
1183 1145 1362 1211 τουτέστιν
1384 1135 1522 1224 έαυτύν,·

291 1248 334 1315 20
355 1248 465 1314 ταῦτα
485 1237 601 1312 πάντα
621 1237 824 1329 Μάρκελλος
845 1243 939 1312 κάλ’
923 1270 975 1311 ετι
998 1240 1136 1313 τούτων
1157 1244 1357 1311 πλείσναέπ
1359 1234 1522 1328 ὶάρνήσει
1540 1259 1585 1316 σιὰ
1603 1261 1705 1316 τίΜω-

206 1370 272 1413 του
256 1344 369 1412 υἱοῦ
392 1348 455 1412 τοῦ
477 1347 562 1412 θεοῦ
589 1337 782 1429 συνεφόρει
814 1336 856 1412 δι
888 1334 1206 1429 ἀνεπιστημοσύνην
1233 1336 1274 1411 ού
1300 1336 1520 1427 λογισάμενος
1539 1334 1590 1397 ⁰00
1612 1332 1662 1384 καί
1679 1327 1707 1384 ⁰²

205 1470 264 1511 οτι
284 1438 372 1529 πρὸς
393 1439 459 1530 τήν
486 1446 756 1529 σκληροκαρδίαν
786 1445 850 1511 τοῦ
870 1435 1039 1512 Ἰουδαίων
1068 1445 1153 1511 λαοῦ
1184 1435 1204 1528 ή
1234 1437 1376 1558 τοιαύτη
1404 1434 1521 1520 αῦτοις
1538 1403 1707 1586 οἷρῆῑδφῖαῗς

155 1558 187 1612 10
203 1548 387 1629 παρείχετο
409 1546 614 1611 διδασκαλία
657 1536 734 1610 οῦδὲ
757 1538 820 1628 γάρ
841 1536 916 1610 οίάν
938 1568 975 1610 τε
997 1530 1041 1627 ήν
1064 1539 1104 1612 τὸ
1126 1546 1259 1627 πνεῦμα
1281 1537 1322 1609 τὸ
1345 1530 1443 1626 ἀγιον
1464 1537 1520 1609 διὰ
1537 1533 1628 1654 '‘7⁶⁰5‘’
1627 1551 1706 1587 mar

205 1649 284 1713 τῶν
304 1645 500 1729 προφητῶν
531 1644 594 1708 τοῦ
625 1645 710 1710 θεοῦ
740 1635 942 1728 ἀνθρώποις
972 1635 1126 1710 ἀτελέσιν
1156 1639 1219 1723 τὰς
1246 1642 1373 1725 φρένας
1399 1642 1518 1727 ἐντελῆ
1553 1602 1693 1739 ,ήήδῗὲἑγ

203 1746 420 1826 παραδοῦναι
443 1734 506 1809 τὸν
528 1742 590 1827 τῆς
611 1745 803 1823 θεοσεβείας
825 1735 939 1827 λόγον.
975 1732 1069 1809 οῦτω
1084 1743 1169 1826 γοῦν
1189 1734 1306 1820 αύτοίς
1326 1743 1382 1808 καί
1397 1745 1519 1819 θυσίας
1536 1752 1553 1806 2
1570 1760 1658 1807 τοῦ
1642 1749 1704 1807 ιίοῦ

204 1845 378 1910 ἐπιτελεῖν
400 1840 599 1925 ἐνομοθέτει
620 1845 676 1907 καί
699 1836 857 1925 σῶματσς
877 1836 1067 1927 περιτομήν
1091 1844 1147 1907 καὶ
1169 1835 1338 1923 σαββάτου
1360 1836 1519 1956 φυλακήν
1538 1837 1704 1905 θεολογίαν·

203 1946 261 2010 καί
285 1942 425 2010 τοιωνδί
447 1933 641 2026 βρωμάτων
672 1933 805 2025 ἀποχήν
833 1945 890 2008 καί
918 1934 1090 2025 καθάρσια
1120 1935 1293 2027 σωμάτιον
1323 1934 1519 2025 σωματικάς

153 2060 186 2114 15
205 2069 245 2111 τε
268 2035 437 2126 εύλογίας,
461 2044 516 2108 ναί
537 2036 681 2127 μήνκαὶ
706 2042 765 2125 γῆς
786 2034 927 2127 ῥεούσης
951 2035 1130 2125 »γάλακαὶ
1152 2044 1243 2127 μέλει
1269 2032 1344 2109 ἀλλ)
1367 2033 1408 2108 ού
1429 2045 1519 2121 βασι·

205 2145 300 2220 λείας
322 2134 482 2227 ούρανῶν
503 2141 710 2225 ἐπαγγελίας.
753 2129 772 2205 δ
798 2140 833 2205 δὲ
855 2136 970 2225 σωτήρ
991 2144 1047 2208 καί
1070 2136 1185 2224 κύριος
1208 2133 1305 2227 ήμῶν
1332 2141 1518 2226 ἐρωτηθείς

204 2245 284 2319 πῶς
305 2241 460 2320 Μωσέως
480 2234 739 2325 προστάξαντος
762 2231 893 2305 διδόναι
915 2242 1047 2319 βιβλίον
1062 2232 1272 2308 ἀποστασίου
1285 2243 1341 2307 καὶ
1356 2232 1520 2309 ἀπολύειν

205 2337 272 2426 τήν
302 2336 428 2409 ἑαυτοῦ
457 2355 600 2425 γυναῖκα
622 2334 686 2406 τὸν
707 2330 918 2423 βουλόμενον
939 2330 1043 2416 αύτὸς
1065 2331 1232 2407 τάναντία
1254 2333 1434 2408 διατάττοι
1456 2338 1519 2408 τὸν

204 2434 313 2525 λύγον
339 2433 517 2509 ἀπέδωκεν
543 2431 735 2507 καθολικδν
766 2431 876 2523 φήσας
909 2439 1054 2522 »Μωσῆς
1083 2435 1171 2522 πρὸς
1200 2442 1256 2509 72¹
1278 2435 1343 2525 τήν
1377 2447 1518 2525 σκληρο-

151 2555 185 2610 20
203 2541 350 2624 καρδίαν
371 2530 468 2625 ύμῶν
490 2537 649 2622 ἔγραψεν·
686 2529 745 2604 ἀπ’
776 2530 878 2622 ἀρχῆς
908 2538 943 2603 δὲ
974 2530 1015 2604 ού
1041 2538 1179 2622 γέγονεν
1206 2529 1346 2616 οῦτωςι.
1389 2532 1552 2607 ταύτδν3

205 2628 269 2709 οῦν
290 2633 426 2707 εἷπεν“
407 2664 450 2705 αν
471 2638 583 2705 καίει
608 2663 660 2714 τις
681 2629 797 2722 ήρετο,
828 2639 864 2703 τί
890 2629 1019 2721 δήποτε
1051 2633 1183 2704 θεὸνί
1177 2662 1225 2704 να
1246 2641 1353 2718 σέβειν
1374 2661 1518 2721 παρακε-

206 2731 382 2825 λευύμενοι
404 2739 530 2822 Μωσῆς
550 2740 607 2804 καὶ
630 2736 663 2803 οί
684 2727 755 2820 μετ>
779 2728 886 2802 αὐτὸν
907 2737 1084 2820 προφῆται
1111 2729 1173 2804 οῦκ
1195 2736 1371 2806 ἐδίδασκον
1392 2730 1517 2817 αύτούς

206 2835 273 2923 τὴν
292 2840 370 2922 περί
393 2862 456 2904 του
441 2837 552 2905 ὐἱοῦ
578 2839 718 2952 γνῶσιν
755 2827 796 2902 ού
823 2830 889 2953 γὰρ
916 2832 983 2902 οίοί
1004 2861 1041 2904 τε
1063 2858 1147 2921 ησαν
1168 2835 1201 2902 οί
1222 2839 1369 2921 συνεχῶς
1391 2830 1516 2921 ἀπαγά-

206 2962 303 3024 μενοι
326 2964 367 3055 τη
352 2939 551 3022 ’πσλυθέῳ
572 2930 686 3019 πλάνη
709 2929 774 3020 τήν
795 2928 1014 3021 εύαγγελικὴν
1033 2936 1282 3020 παραδέχεσθαι
1301 2929 1407 3020 χάριν
1430 2939 1434 3020 Ι
1463 2931 1516 3005 διὸ
1536 2944 1591 3000 199

152 3053 186 3107 25
206 3031 293 3122 πρὸς
325 3034 391 3123 τήν
421 3037 689 3121 σκληροκαρδίαν
720 3027 838 3102 αύτῶν
869 3030 933 3119 τήν
961 3038 1039 3119 περὶ
1069 3029 1145 3114 ἑνὸς
1180 3037 1265 3103 θεοῦ
1300 3039 1518 3105 διδασκαλίαν

207 3138 401 3215 ἐποιοῦντο,
425 3137 510 3213 τέως
531 3136 832 3220 παιδαγωγοῦντες
853 3129 978 3214 αῦτοῦς
999 3131 1053 3203 διὰ
1075 3138 1138 3201 τοῦ
1153 3126 1358 3219 ἀποτρέπειν
1372 3139 1434 3222 μὲν
1452 3138 1517 3205 τοῦ

206 3231 358 3313 πολλοῦς
380 3233 467 3302 είναι
488 3238 636 3319 νομίζειν
650 3231 754 3314 θεούς
775 3229 912 3321 ἐπάγειν
933 3236 969 3302 δὲ
990 3236 1046 3302 ἐπὶ
1068 3230 1133 3320 τήν
1148 3230 1335 3321 εἰσαγωγήν
1354 3238 1417 3303 τοῦ
1431 3229 1516 3314 ἑνός.

208 3324 301 3403 οῦτω
325 3336 360 3404 δὲ
383 3335 511 3418 Μωσῆς
533 3326 637 3419 ἀτελῆ
669 3332 734 3419 τήν
761 3336 978 3403 διδασκαλίαν
1005 3348 1077 3413 τοῖς
1102 3326 1178 3401 κατ’
1202 3327 1309 3403 αύτόν
1333 3337 1550 3418 παρεδίδου4

208 3430 262 3503 διά
290 3430 330 3503 τύ
358 3427 475 3513 ἀτελὲς
505 3426 623 3501 αύτῶν
650 3435 712 3518 τῆς
738 3427 951 3518 φρονήσεως,
983 3426 1031 3512 ῶς
1061 3437 1223 3518 μηδεμίαν
1252 3426 1360 3502 αῦτόν
1382 3427 1517 3520 μνήμην

153 3547 189 3601 30
207 3527 415 3621 ποιήσασθαι
438 3526 592 3618 ἀγγέλων
613 3537 756 3610 κτίσεως
778 3533 816 3599 έν
842 3537 892 3619 τῷ
921 3536 982 3619 τῆς
1012 3537 1235 3617 κοσμοποιίας
1265 3528 1372 3620 λόγῳ,
1405 3537 1516 3602 καίτοι

207 3638 282 3702 τῶν
302 3628 386 3719 μετὰ
402 3637 511 3701 ταῦτα
525 3635 719 3718 προφητῶν
738 3625 779 3700 ού
793 3627 900 3720 μόνον
916 3626 1070 3718 ἀγγέλων
1084 3627 1405 3717 μνημονευσάντων,
1429 3629 1515 3702 ἀλλὰ

207 3735 262 3799 καί
293 3737 402 3800 θείων
432 3726 608 3818 δυνάμεων
638 3736 694 3800 καὶ
723 3727 932 3815 πνευμάτων
962 3724 1070 3815 ἀγίων
1100 3736 1175 3800 τῶν
1201 3759 1237 3799 τε
1259 3726 1516 3817 ύπερουρανίων

207 3834 292 3901 θεοῦ
314 3835 534 3918 λειτουργῶν,
557 3835 634 3916 περὶ
656 3820 708 3899 ῶν
730 3823 890 3919 δΔανιήλ
915 3825 1084 3900 διδάσκων
1105 3829 1219 3917 ἔλεγεν
1237 3838 1355 3917 »χίλιαι
1370 3828 1516 3916 χιλιάδες

207 3926 445 4017 ἐλειτούργουν
466 3925 576 4018 αύτῷ,
607 3934 663 3997 καὶ
684 3925 797 4016 μύριαι
826 3923 983 4017 μυριάδες
1012 3923 1293 4015 παρειστήκεισαν
1324 3932 1515 4015 ἔμπροσθεν

291 4146 1515 4216 2Ρε.80,9-11ῦΡε.89,11-11.28νρ18143281521111511138

205 4269 231 4305 u.
250 4256 275 4304 δ.
292 4279 326 4290 -
352 4248 536 4305 1911199111.
556 4249 681 4311 19,ι-
701 4250 739 4304 19
756 4250 856 4303 Matth
875 4252 914 4311 19,
933 4251 958 4305 8
992 4248 1080 4303 ΜοτΙτ.
1100 4250 1172 4315 19,
1159 4266 1225 4303 υ-
1243 4249 1283 4304 39
1300 4250 1404 4304 Dan]
1407 4244 1514 4313 ,100'

293 4450 311 4506 ὅ
330 4448 418 4506 αύτδν
429 4450 455 4503 V
478 4451 483 4516 Ι
509 4448 599 4504 1811.
618 4446 796 4504 διατάττοιτο
813 4449 945 4520 λόγονλΙ
969 4448 1008 4505 20
1031 4444 1168 4519 ἔγραψεν]
1186 4446 1342 4518 ἐπέτρεψεν
1359 4445 1426 4519 ῦμίν
1443 4448 1514 4505 ἀπο-

206 4555 288 4607 λῦσαι
305 4550 356 4615 τὰς
372 4558 508 4622 γυναῖκας
525 4545 605 4617 ὑμῶν
626 4550 725 4605 matth.
744 4545 871 4622 ἔγραφεν
890 4548 956 4618 ὑμῖν
975 4553 1026 4619 την
1044 4546 1161 4618 ἐντολήν
1178 4549 1281 4621 ταύτην
1304 4552 1391 4606 Mark.
1424 4556 1429 4621 Ι
1473 4553 1511 4607 22

207 4648 319 4722 ἐνάγειν
337 4651 370 4719 V,
389 4669 456 4707 οοιτ.
474 4650 510 4705 Kl
542 4653 548 4719 Ι
581 4650 935 4727 29αῦτδι·1ίίαί·τῷ1’*
968 4655 972 4721 Ι
1005 4653 1044 4707 81
1063 4651 1163 4722 ταῦτα]
1182 4660 1284 4707 τοτ’τον
1302 4666 1342 4707 mr
