3728 5508
578 482 613 537 do
630 483 815 539 ecelesiastica
831 484 974 556 theologia
990 486 1003 539 Ι
1022 486 1096 540 1-3.
1225 448 1228 461 ¹
1448 493 1487 558 63

177 644 332 769 εἰσάγων,
356 653 407 738 τῷ
423 645 489 737 τῆν
502 641 691 719 ἀπόστασιν
705 642 856 735 ἀναιρεῖν
870 652 934 719 τοῦ
952 651 1038 733 υἱοῦ,
1061 649 1120 720 ίνα
1141 654 1178 719 δε
1199 646 1285 720 θεὸν
1306 643 1487 738 ὁρίζεσθαι,

175 754 228 818 καὶ
260 753 393 820 τοῦτον
425 748 550 819 ἑαυτοῦ
578 753 709 836 πατέρα
738 753 794 817 καί
823 739 866 818 αὖ
895 743 1000 820 πάλιν
1030 744 1106 819 υἱόν
1136 744 1322 820 ἀποκαλεῖν
1358 750 1488 821 ἑαυτοῦ.

175 844 280 937 λόγον
302 848 405 936 γάρε
391 848 478 918 εἶναι
498 845 578 929 δοῦς
601 843 664 918 τὸν
685 850 723 917 ἐν
744 853 796 936 τῷ
818 853 905 938 θεῷ,
939 847 975 918 ἐν
955 875 1035 919 ντε
1055 852 1111 919 καὶ
1133 843 1262 919 ταάτόν
1283 841 1369 920 όντα
1390 844 1538 940 αῦτῷθ

175 953 306 1020 τοῦτον
331 942 542 1038 ὁρισάμενος,
572 953 703 1036 πατέρα
734 944 861 1019 τοῦτου
885 955 1100 1035 χρηματίζειν
1121 943 1228 1020 αῦτδν
1249 949 1327 1071 ἐφη
1364 944 1428 1020 τόι
1450 975 1488 1018 τε

144 1044 280 1135 ὀλόγον
300 1044 380 1119 υἱόν
401 1048 487 1119 εἶναι
509 1043 624 1130 αῦτοῦ,
648 1043 711 1117 οῦκ
733 1043 873 1135 ἀληθῶς
895 1040 982 1118 όντα
1002 1043 1079 1117 υίδν
1100 1051 1138 1118 ἐν
1158 1042 1274 1131 οόσίας
1295 1043 1487 1131 ῦποστάσει,

173 1150 301 1232 κυρίως
324 1151 362 1217 δέ
382 1152 439 1216 καὶ
461 1142 602 1235 ἀληθῶς
624 1138 710 1217 όντα
725 1142 840 1235 λόγον.
869 1150 1123 1236 ἐπισημαίνεται
1145 1153 1228 1235 γοῦν
1250 1140 1305 1218 ότι
1326 1145 1372 1237 μή
1386 1175 1488 1218 κατα·

171 1251 367 1335 χρηστικῶς
389 1241 508 1333 λόγον,
539 1241 626 1318 ἀλλὰ
647 1252 773 1336 κυρίως
794 1252 849 1316 καὶ
871 1243 1013 1336 ἀληθοῦς
1034 1238 1121 1317 όντα
1147 1242 1266 1337 λόγον,
1296 1255 1353 1317 καὶ
1381 1251 1485 1336 μηδὲν

173 1344 295 1432 ίτερον
317 1340 341 1434 6
364 1340 477 1435 λόγον.
521 1350 549 1416 εί
570 1351 606 1415 δέ
627 1350 731 1436 μηδὲν
754 1346 881 1433 ἕτερον,
905 1352 1010 1436 δῆλον
1034 1343 1082 1430 σός
1103 1344 1181 1419 οῦδὲ
1202 1344 1276 1430 υίὸς
1297 1338 1340 1435 ῆν
1360 1352 1485 1436 κυρίως
1519 1356 1537 1409 4

171 1451 226 1514 καί
248 1440 411 1534 ἀληθῶς,
441 1450 534 1536 μέχρι
557 1451 592 1516 δέ
615 1451 734 1535 φωνῆς
755 1453 810 1516 καὶ
833 1441 1003 1537 ὀνόματος
1027 1453 1305 1536 καταχρηστικῶς
1333 1443 1485 1534 ω’νομασ·

127 1556 156 1610 10
171 1550 282 1632 μένος.
330 1547 367 1617 ἐν
388 1574 427 1617 τε
449 1547 533 1617 εἶναι
556 1550 742 1635 λέγωνκαὶ
763 1542 893 1619 ταῦτόν
915 1553 965 1635 τῷ
989 1554 1063 1637 θεῷ
1086 1546 1148 1618 τόν
1171 1543 1289 1636 λόγον,
1321 1544 1384 1616 τόν
1410 1568 1486 1633 σαρ

171 1652 338 1717 καθέντα
358 1652 414 1716 καί
435 1650 472 1717 ἐκ
494 1649 556 1736 τῆς
576 1650 754 1733 παρθένου
777 1652 957 1735 τεχθέντα,
988 1645 1073 1717 θεὸν
1103 1641 1211 1717 αῦτδν
1241 1642 1423 1734 ἀπέφηνεν.
1466 1638 1485 1715 6

171 1744 211 1832 δὴ
234 1741 347 1816 πάλαι
368 1751 424 1814 καὶ
444 1741 621 1831 πρόπαλαι
642 1743 706 1817 τόν
727 1750 916 1829 Σαβέλλιον
938 1741 1175 1835 φθεγξάμενον
1197 1741 1443 1834 ἀπεδοκίμασεν
1466 1740 1486 1833 6

171 1846 337 1934 ἐκκλησία
358 1849 422 1915 τοῦ
442 1849 541 1927 θεοῦ,
572 1862 647 1928 τοῖς
671 1841 789 1928 ἀθέοις
815 1842 922 1917 αὐτὸν
954 1844 1165 1932 αίρεσιοόταις
1195 1850 1228 1935 <ἐ
1229 1849 1485 1965 mat-augam.

255 1950 278 2017 2
301 1944 344 2016 τό
365 1941 511 2032 μὲνγὰρ
532 1941 618 2014 θεὸν
640 1939 818 2034 ὁμολογεῖν
840 1945 899 2015 ένα
912 1944 1000 2036 πρὸς
1014 1941 1276 2035 ἀντιδιαστολῆν
1297 1949 1360 2034 τῆς
1372 1938 1520 2034 6226st
1504 1975 1548 2011 οτι
1571 1961 1659 2026 τῇκ
1627 1952 1670 2012 έκ-

127 2056 156 2109 15
172 2070 246 2115 νων
277 2049 456 2116 πολοθέου
484 2040 629 2166 πλάνης
642 2050 778 2130 πρῶτοι
804 2043 1055 2135 παρειλήφασιν
1075 2039 1246 2116 Ἰουδαίων
1275 2049 1400 2127 παῖδες.
1444 2040 1485 2114 τό
1519 2025 1660 2149 τζέᾜζῖὕ

172 2147 208 2212 δε
229 2150 290 2213 καὶ
312 2148 443 2232 πατέρα
465 2143 528 2216 τόν
549 2138 656 2215 αὐτόν
676 2146 752 2215 υίοῦ
772 2152 978 2233 μονογενοῦς
1000 2152 1175 2234 γνωρίζειν
1194 2149 1368 2234 ἐξαίρετον
1390 2149 1520 2231 γέραςη
1531 2160 1671 2247 Χριστοῦ

172 2238 192 2329 6
214 2239 315 2332 χάρις
336 2239 357 2332 ή
378 2240 548 2334 σωτήριος
570 2266 611 2332 τη
596 2248 793 2337 ἐκκλησίᾳ
811 2243 1007 2334 δεδώρηται
1036 2242 1112 2317 υίόν
1134 2250 1169 2315 δέ
1191 2241 1319 2334 Ἰησοῦν
1335 2239 1486 2329 Χριστόν
1502 2227 1586 2300 λαως
1605 2229 1671 2350 πῆ

171 2338 285 2428 μόνον
299 2344 464 2414 οίδενὶ
408 2373 451 2414 κα
451 2339 601 2443 ὶοῦδένα
617 2343 742 2430 ἕτερον,
765 2343 807 2417 οῦ
820 2343 909 2416 κατὰ
925 2344 989 2433 τήν
1010 2348 1071 2432 τῆς
1093 2343 1217 2433 σαρκός
1238 2340 1282 2433 ῆν
1304 2315 1541 2431 ἀνείληφενπ
1520 2384 1554 2434 ιρ
1542 2314 1657 2429 ςκαί

174 2447 309 2529 γένεσιν
330 2440 474 2532 (ταύτην
496 2433 558 2532 γὰρ
580 2441 706 2514 δοῦλου
725 2444 863 2534 μορφήν
883 2450 940 2514 καὶ
954 2440 1030 2514 υίδν
1051 2439 1243 2529 ἀνθρώπου
1263 2450 1380 2513 καλεῖν
1401 2446 1485 2512 δεδί·
1502 2428 1579 2554 ”²⁰53
1598 2437 1670 2569 λῆῶ·

127 2556 157 2609 20
173 2548 324 2629 δακται),
355 2539 443 2614 κατὰ
473 2548 509 2614 δέ
540 2541 603 2633 τήν
633 2546 669 2628 ἐξ
699 2540 804 2614 αῦτοῦ
830 2549 894 2615 τοῦ
914 2547 1000 2614 θεοῦ
1020 2549 1076 2613 καὶ
1096 2546 1229 2628 πατρὸς
1250 2568 1318 2628 προ
1304 2537 1485 2611 πάντων
1502 2516 1554 2622 666
1568 2502 1670 2636 6696.

174 2640 361 2713 αίωνων
340 2664 521 2731 αγνωστον
542 2659 615 2723 τοῖς
636 2647 752 2714 πᾶσιν
787 2640 866 2715 καθ’
895 2639 938 2731 ῆν
965 2641 1006 2713 τό
1028 2637 1196 2731 πλήρωμα
1226 2645 1288 2731 τῆς
1318 2645 1486 2729 πατρικῆς
1548 2650 1627 2690 ⁰⁰²⁰

174 2737 347 2830 θεότητος
368 2747 424 2811 καί
446 2738 553 2814 αῦτόν
573 2740 649 2814 υίδν
669 2741 755 2814 θεόν
776 2739 1004 2832 ὑπεστήσατο,
1037 2736 1100 2812 οῦκ
1126 2736 1323 2829 ίδιόκτητον
1343 2747 1399 2810 καί
1423 2744 1486 2810 τοῦ

174 2839 309 2929 πατρὸς
331 2837 573 2931 ἀφωρισμένην
594 2849 600 2930 Ι
623 2837 698 2915 066'
721 2839 871 2930 ἀναρχόν
893 2870 971 2915 τινα
992 2847 1047 2912 καὶ
1074 2837 1263 2930 ἀγέννητον
1284 2835 1363 2911 οῦδὲ
1384 2837 1485 2911 ἀλλο·
1501 2861 1540 2915 62

174 2946 240 3010 θέν
262 2949 378 3012 ποθεν
400 2948 499 3031 ξένην
520 2949 577 3013 καὶ
598 2948 662 3014 τοῦ
683 2941 816 3032 πατρὸς
848 2938 1033 3029 ἀλλοτρίαν
1063 2936 1292 3030 ἐφελκόμενον
1321 2936 1484 3029 θεότητα,

130 3037 342 3130 λίέξαάτῆς
362 3045 398 3111 δε
420 3047 481 3131 τῆς
505 3046 673 3131 πατρικῆς
703 3049 883 3131 μετουσίας
916 3066 1030 3128 ωσπερ
1062 3034 1131 3111 ἀπὸ
1160 3045 1271 3129 πηγῆς
1301 3033 1352 3111 ἐπ
1380 3034 1487 3111 αάτόν

176 3146 417 3259 ³0⁰6⁶⁰66V⁷26
426 3139 671 3231 πληρούμενον.
692 3139 803 3215 49”
761 3171 858 3234 μονφ
874 3141 938 3231 γὰρ
956 3135 1068 3212 »ἐν’
1025 3146 1119 3229 αυτῷ
1142 3145 1212 3211 πᾶν
1233 3136 1274 3210 τὸ
1296 3135 1483 3228 πλήρωμα(

177 3245 238 3328 τῆς
270 3244 438 3329 πατρικῆς
467 3243 612 3313 ἐνοικεῖν
646 3238 852 3329 »θεότητοςι
887 3236 907 3314 6
937 3247 1038 3330 μέγας
1068 3242 1262 3311 ἐπαίδευσεν
1283 3233 1486 3320 ἀπόστολος

175 3338 227 3410 διὸ
254 3338 295 3429 66
315 3340 362 3423 είς
383 3337 466 3423 θεὸς
487 3364 529 3429 τη
514 3345 710 3434 ἐκκλησίᾳ
737 3347 800 3414 τοῦ
830 3346 915 3413 θεοῦ
944 3339 1163 3429 κηρύττεται,
1196 3343 1270 3408 »καὶ
1302 3332 1365 3408 οῦκ
1395 3337 1487 3407 ἐστιν

176 3438 293 3525 ίτερος
315 3437 407 3527 πλήν
429 3434 569 3512 αῦτοῦ(
599 3438 705 3524 είςδέ
726 3470 782 3513 και
797 3438 983 3531 μονογενής
1004 3443 1069 3510 τοῦ
1090 3444 1175 3510 θεοῦ
1195 3433 1277 3521 υίός,
1301 3437 1468 3507 είκοῖιν”
1426 3464 1487 3526 της

131 3545 161 3603 30
175 3545 344 3628 πατρικῆς
366 3535 545 3630 θεότητος,
568 3547 624 3611 καὶ
646 3540 701 3611 διὰ
722 3546 827 3611 τοῦτο
849 3537 939 3623 θεός

260 3637 346 3729 θῆν
376 3638 417 3728 66
440 3647 626 3729 θεολογίαν
657 3643 689 3711 σί
719 3649 845 3712 πολλοὶ
875 3658 968 3713 νοεῖν
998 3633 1040 3710 06
1072 3632 1302 3726 χωρήσαντες,
1332 3641 1488 3718 ποικίλας
1506 3638 1550 3699 ὅτι
1585 3642 1673 3698 ποικί-

176 3732 352 3824 ἀτραποῦς
366 3735 555 3862 ἐπενόησαν
569 3736 714 3829 πλάνης·
746 3740 789 3825 α’)
812 3744 845 3812 οί
865 3746 927 3829 μὲν
948 3738 1034 3811 θεὸν
1049 3732 1220 3818 δόντες
1184 3764 1247 3808 τον
1266 3731 1352 3820 υίόν,
1374 3731 1486 3806 τόνδ’
1505 3707 1673 3849 λῖἷσξξφὲῆ

176 3829 418 3923 δνθρωπονιι
400 3865 443 3908 ον
471 3834 657 3928 ἀνείληφεν
688 3835 927 3962 ἀρνησάμενοι,
963 3836 1005 3925 μί)
1033 3839 1066 3909 οἱ
1095 3841 1131 3906 δὲ
1161 3834 1267 3922 φιλόν
1297 3832 1489 3923 ἄνθρωπον
1509 3842 1672 3917 ἑτερόδοξοι

105 3978 107 3983 ,
175 3932 397 4026 ἀποθέμενοι,
427 3933 548 4009 τόνδ’
570 3943 607 4009 ἐν
587 3935 723 4027 ναάτῷ
746 3937 832 4010 θεὸν
855 3934 1096 4027 ἀγνοήσαντες,
1125 3935 1167 4024 γ’)
1190 3939 1222 4007 ολ
1244 3939 1280 4005 δε
1303 3930 1400 4022 φόβῳ
1424 3961 1487 4004 του
1472 3911 1674 4054 ξζοζίήῆγᾟῖ

261 4106 593 4178 θίλτςί.Νε.55.62-
610 4108 869 4178 61v31.Nr.-40
889 4108 929 4164 n
944 4106 1000 4177 τρὶ
1019 4105 1065 4160 Nr
1075 4106 1248 4160 36116
1267 4103 1487 4174 stvgl.Nr.40

175 4207 633 4279 -161ngNr.55.62-10
650 4202 1487 4278 Phil.'2,7-201Pr0v.8‚23-21Kol.2‚9—26

176 4310 238 4364 Kol.
257 4313 280 4376 1,
299 4312 339 4367 19.
369 4311 393 4378 2,
411 4314 428 4367 9
446 4340 479 4351 -
497 4313 537 4368 28
555 4311 634 4366 Dent.
652 4313 677 4377 4,
695 4314 736 4367 35.
759 4312 801 4378 32,
819 4314 853 4367 39
870 4310 906 4379 (λ)

263 4458 454 4531 ίλδγονἿ-ί-
472 4458 548 4532 λέγει
560 4461 613 4517 We
630 4463 687 4532 vgl.
706 4462 752 4517 No
776 4464 781 4531 Ι
806 4464 841 4518 11
862 4458 1058 4531 ἀπέφαινενν
1087 4460 1092 4527 Ι
1121 4458 1158 4513 18
1176 4454 1389 4528 έγκαταλέξασα
1402 4456 1448 4511 Mo
1481 4466 1482 4479 ¹

178 4561 213 4616 1?
233 4559 296 4615 υίδν
312 4574 355 4615 mr
376 4563 470 4618 vfivV
497 4565 501 4630 Ι
526 4563 596 4619 ΙθΒ
613 4560 675 4619 υίοῦ
691 4553 806 4632 m66V
832 4565 837 4631 Ι
864 4563 903 4618 22
922 4560 1069 4629 θεότητος]
1090 4567 1121 4623 ÷
1140 4553 1264 4629 έχωταλ
1283 4558 1350 4627 Mo!
1369 4558 1404 4613 θλ
1424 4576 1486 4613 ποι-

176 4662 259 4728 κίλως
276 4662 309 4725 V,
327 4679 395 4717 corr.
414 4662 451 4717 Kl
469 4662 523 4733 vgl.
541 4664 566 4718 S.
585 4665 626 4727 65,
646 4667 678 4719 15
