<?xml version="1.0" encoding="UTF-8"?>
<!DOCTYPE html PUBLIC "-//W3C//DTD XHTML 1.0 Transitional//EN"
    "http://www.w3.org/TR/xhtml1/DTD/xhtml1-transitional.dtd">
<html xmlns="http://www.w3.org/1999/xhtml" xml:lang="en" lang="en">
 <head>
  <title>
</title>
<meta http-equiv="Content-Type" content="text/html;charset=utf-8" />
  <meta name='ocr-system' content='tesseract 3.04.00' />
  <meta name='ocr-capabilities' content='ocr_page ocr_carea ocr_par ocr_line ocrx_word'/>
</head>
<body>
  <div class='ocr_page' id='page_1' title='image "./diegriechischen01religoog/diegriechischen01religoog_0052.png"; bbox 0 0 3728 5508; ppageno 0'>
   <div class='ocr_carea' id='block_1_1' title="bbox 357 483 1080 550">
    <p class='ocr_par' dir='ltr' id='par_1_1' title="bbox 357 483 1080 550">
     <span class='ocr_line' id='line_1_1' title="bbox 357 483 1080 550; baseline 0.001 -13"><span class='ocrx_word' id='word_1_1' title='bbox 357 493 374 550; x_wconf 85' lang='grc'>4</span> <span class='ocrx_word' id='word_1_2' title='bbox 946 483 1080 539; x_wconf 75' lang='lat' dir='ltr'>Eusebius</span> 
     </span>
    </p>
   </div>
   <div class='ocr_carea' id='block_1_2' title="bbox 312 643 1745 4013">
    <p class='ocr_par' dir='ltr' id='par_1_2' title="bbox 312 643 1745 4013">
     <span class='ocr_line' id='line_1_2' title="bbox 359 643 1678 735; baseline -0.005 -20"><span class='ocrx_word' id='word_1_3' title='bbox 359 653 445 715; x_wconf 88' lang='grc' dir='ltr'><em>θεοῦ</em></span> <span class='ocrx_word' id='word_1_4' title='bbox 467 645 674 734; x_wconf 78' lang='grc' dir='ltr'><em>γιγνώσκειν</em></span> <span class='ocrx_word' id='word_1_5' title='bbox 694 647 902 734; x_wconf 81' lang='grc' dir='ltr'><em>παραδιδοὺς</em></span> <span class='ocrx_word' id='word_1_6' title='bbox 923 654 1017 718; x_wconf 80' lang='grc' dir='ltr'><em>καὶ</em></span> <span class='ocrx_word' id='word_1_7' title='bbox 1005 646 1199 735; x_wconf 82' lang='grc' dir='ltr'><em>πνεύματος</em></span> <span class='ocrx_word' id='word_1_8' title='bbox 1225 643 1323 735; x_wconf 85' lang='grc' dir='ltr'><em>άγίου</em></span> <span class='ocrx_word' id='word_1_9' title='bbox 1343 653 1600 732; x_wconf 78' lang='grc' dir='ltr'><em>φιλοτιμεῖσθαι</em></span> <span class='ocrx_word' id='word_1_10' title='bbox 1623 668 1678 728; x_wconf 90' lang='grc' dir='ltr'><em>με·</em></span> 
     </span>
     <span class='ocr_line' id='line_1_3' title="bbox 361 735 1680 860; baseline -0.005 -46"><span class='ocrx_word' id='word_1_11' title='bbox 361 753 485 833; x_wconf 69' lang='grc' dir='ltr'><em>τέγειν,</em></span> <span class='ocrx_word' id='word_1_12' title='bbox 508 738 595 832; x_wconf 86' lang='grc' dir='ltr'><em>άπερ</em></span> <span class='ocrx_word' id='word_1_13' title='bbox 616 742 736 833; x_wconf 87' lang='grc' dir='ltr'><em>μόνων</em></span> <span class='ocrx_word' id='word_1_14' title='bbox 758 744 801 815; x_wconf 85' lang='lat'><em>66</em></span> <span class='ocrx_word' id='word_1_15' title='bbox 823 753 959 834; x_wconf 84' lang='grc' dir='ltr'><em>γένοιτο</em></span> <span class='ocrx_word' id='word_1_16' title='bbox 983 752 1199 833; x_wconf 79' lang='grc' dir='ltr'><strong><em>Χριστιανῶν</em></strong></span> <span class='ocrx_word' id='word_1_17' title='bbox 1214 750 1441 833; x_wconf 76' lang='grc' dir='ltr'><em>γνωρίσματα,</em></span> <span class='ocrx_word' id='word_1_18' title='bbox 1465 735 1534 812; x_wconf 83' lang='grc' dir='ltr'><em>ῶδέ</em></span> <span class='ocrx_word' id='word_1_19' title='bbox 1550 768 1600 828; x_wconf 94' lang='grc' dir='ltr'><em>πη</em></span> <span class='ocrx_word' id='word_1_20' title='bbox 1618 746 1680 860; x_wconf 81' lang='grc' dir='ltr'><em>τῑγς</em></span> 
     </span>
     <span class='ocr_line' id='line_1_4' title="bbox 362 836 1736 965; baseline -0.006 -50"><span class='ocrx_word' id='word_1_21' title='bbox 362 841 458 965; x_wconf 86' lang='grc' dir='ltr'><em>άγίας</em></span> <span class='ocrx_word' id='word_1_22' title='bbox 481 851 543 915; x_wconf 87' lang='grc' dir='ltr'><em>τοῦ</em></span> <span class='ocrx_word' id='word_1_23' title='bbox 561 851 647 916; x_wconf 90' lang='grc' dir='ltr'><em>θεοῦ</em></span> <span class='ocrx_word' id='word_1_24' title='bbox 668 850 845 965; x_wconf 77' lang='grc' dir='ltr'><em>ἐκκλησίας</em></span> <span class='ocrx_word' id='word_1_25' title='bbox 872 842 1120 934; x_wconf 73' lang='grc' dir='ltr'><em>ἀφανιζομένης</em></span> <span class='ocrx_word' id='word_1_26' title='bbox 1147 853 1210 918; x_wconf 88' lang='grc' dir='ltr'><em>τοῦ</em></span> <span class='ocrx_word' id='word_1_27' title='bbox 1231 843 1411 915; x_wconf 80' lang='grc' dir='ltr'><em>Ἰουδαϊκοῦ</em></span> <span class='ocrx_word' id='word_1_28' title='bbox 1438 837 1583 928; x_wconf 87' lang='grc' dir='ltr'><em>τρόπου</em></span> <span class='ocrx_word' id='word_1_29' title='bbox 1630 836 1680 918; x_wconf 85' lang='grc' dir='ltr'><em>ῶς</em></span> <span class='ocrx_word' id='word_1_30' title='bbox 1700 864 1736 915; x_wconf 79' lang='lat'><em>14</em></span> 
     </span>
     <span class='ocr_line' id='line_1_5' title="bbox 362 935 1681 1034; baseline -0.005 -19"><span class='ocrx_word' id='word_1_31' title='bbox 362 944 424 1033; x_wconf 82' lang='grc' dir='ltr'><em>γὰρ</em></span> <span class='ocrx_word' id='word_1_32' title='bbox 447 943 632 1027; x_wconf 80' lang='grc' dir='ltr'><em>ἐκεῖνος</em></span> <span class='ocrx_word' id='word_1_33' title='bbox 596 974 661 1032; x_wconf 91' lang='grc' dir='ltr'><em>την</em></span> <span class='ocrx_word' id='word_1_34' title='bbox 682 943 857 1015; x_wconf 84' lang='grc' dir='ltr'><em>πολύθεον</em></span> <span class='ocrx_word' id='word_1_35' title='bbox 879 951 935 1014; x_wconf 85' lang='grc' dir='ltr'><em>καὶ</em></span> <span class='ocrx_word' id='word_1_36' title='bbox 956 942 1154 1034; x_wconf 79' lang='grc' dir='ltr'><em>Ελληνικίγν</em></span> <span class='ocrx_word' id='word_1_37' title='bbox 1175 940 1419 1030; x_wconf 75' lang='grc' dir='ltr'><em>ἀπεδοκίμαζεν</em></span> <span class='ocrx_word' id='word_1_38' title='bbox 1440 937 1613 1028; x_wconf 88' lang='grc' dir='ltr'><em>πλάνην</em></span> <span class='ocrx_word' id='word_1_39' title='bbox 1601 935 1681 1019; x_wconf 88' lang='grc' dir='ltr'><em>ενδς</em></span> 
     </span>
     <span class='ocr_line' id='line_1_6' title="bbox 327 1036 1682 1134; baseline -0.007 -19"><span class='ocrx_word' id='word_1_40' title='bbox 327 1064 343 1115; x_wconf 83' lang='grc'>5</span> <span class='ocrx_word' id='word_1_41' title='bbox 363 1050 449 1115; x_wconf 91' lang='grc' dir='ltr'><em>θεοῦ</em></span> <span class='ocrx_word' id='word_1_42' title='bbox 471 1040 644 1134; x_wconf 78' lang='grc' dir='ltr'><em>ὁμολογίᾳ,</em></span> <span class='ocrx_word' id='word_1_43' title='bbox 665 1036 777 1126; x_wconf 74' lang='grc' dir='ltr'><em>οὕτως</em></span> <span class='ocrx_word' id='word_1_44' title='bbox 798 1051 852 1115; x_wconf 83' lang='grc' dir='ltr'><em>καί</em></span> <span class='ocrx_word' id='word_1_45' title='bbox 877 1050 937 1133; x_wconf 77' lang='grc' dir='ltr'><em>τῆς</em></span> <span class='ocrx_word' id='word_1_46' title='bbox 959 1047 1134 1133; x_wconf 77' lang='grc' dir='ltr'><em>ἐκκλησίας</em></span> <span class='ocrx_word' id='word_1_47' title='bbox 1150 1042 1170 1132; x_wconf 91' lang='lat'><em>6</em></span> <span class='ocrx_word' id='word_1_48' title='bbox 1185 1049 1354 1132; x_wconf 79' lang='grc' dir='ltr'><em>ἐξαίρετος</em></span> <span class='ocrx_word' id='word_1_49' title='bbox 1369 1048 1445 1129; x_wconf 87' lang='grc' dir='ltr'><em>περὶ</em></span> <span class='ocrx_word' id='word_1_50' title='bbox 1459 1045 1537 1112; x_wconf 85' lang='grc' dir='ltr'><em>υίοῦ</em></span> <span class='ocrx_word' id='word_1_51' title='bbox 1552 1045 1682 1128; x_wconf 88' lang='grc' dir='ltr'><em>γνῶσις</em></span> 
     </span>
     <span class='ocr_line' id='line_1_7' title="bbox 362 1140 1683 1233; baseline -0.005 -20"><span class='ocrx_word' id='word_1_52' title='bbox 362 1144 523 1231; x_wconf 77' lang='grc' dir='ltr'><em>κρεῖττόν</em></span> <span class='ocrx_word' id='word_1_53' title='bbox 545 1172 579 1213; x_wconf 90' lang='grc' dir='ltr'><em>τι</em></span> <span class='ocrx_word' id='word_1_54' title='bbox 594 1150 650 1214; x_wconf 85' lang='grc' dir='ltr'><em>καὶ</em></span> <span class='ocrx_word' id='word_1_55' title='bbox 672 1150 780 1214; x_wconf 89' lang='grc' dir='ltr'><em>πλέον</em></span> <span class='ocrx_word' id='word_1_56' title='bbox 795 1150 847 1231; x_wconf 77' lang='grc' dir='ltr'><em>[τι]</em></span> <span class='ocrx_word' id='word_1_57' title='bbox 870 1141 1055 1233; x_wconf 76' lang='grc' dir='ltr'><em>προῦξένει,</em></span> <span class='ocrx_word' id='word_1_58' title='bbox 1080 1144 1143 1215; x_wconf 86' lang='grc' dir='ltr'><em>τὸν</em></span> <span class='ocrx_word' id='word_1_59' title='bbox 1166 1140 1272 1213; x_wconf 85' lang='grc' dir='ltr'><em>αῦτδν</em></span> <span class='ocrx_word' id='word_1_60' title='bbox 1293 1141 1378 1213; x_wconf 88' lang='grc' dir='ltr'><em>θεὸν</em></span> <span class='ocrx_word' id='word_1_61' title='bbox 1399 1148 1532 1227; x_wconf 91' lang='grc' dir='ltr'><em>πατέρα</em></span> <span class='ocrx_word' id='word_1_62' title='bbox 1555 1142 1683 1207; x_wconf 84' lang='grc' dir='ltr'><em>εἰδέναι</em></span> 
     </span>
     <span class='ocr_line' id='line_1_8' title="bbox 363 1236 1681 1332; baseline -0.008 -18"><span class='ocrx_word' id='word_1_63' title='bbox 363 1251 569 1332; x_wconf 83' lang='grc' dir='ltr'><em>μονογενοῦς</em></span> <span class='ocrx_word' id='word_1_64' title='bbox 599 1247 675 1313; x_wconf 85' lang='grc' dir='ltr'><em>υίοῦ</em></span> <span class='ocrx_word' id='word_1_65' title='bbox 707 1240 923 1326; x_wconf 80' lang='grc' dir='ltr'><em>διδάσκουσα,</em></span> <span class='ocrx_word' id='word_1_66' title='bbox 955 1238 1095 1330; x_wconf 89' lang='grc' dir='ltr'><em>άληθῶς</em></span> <span class='ocrx_word' id='word_1_67' title='bbox 1127 1246 1200 1313; x_wconf 85' lang='grc' dir='ltr'><em>υίοῦ</em></span> <span class='ocrx_word' id='word_1_68' title='bbox 1231 1236 1333 1324; x_wconf 80' lang='grc' dir='ltr'><em>ὄντος</em></span> <span class='ocrx_word' id='word_1_69' title='bbox 1365 1247 1420 1311; x_wconf 88' lang='grc' dir='ltr'><em>καὶ</em></span> <span class='ocrx_word' id='word_1_70' title='bbox 1453 1246 1587 1325; x_wconf 78' lang='grc' dir='ltr'><em>ζῶντος</em></span> <span class='ocrx_word' id='word_1_71' title='bbox 1624 1244 1681 1305; x_wconf 80' lang='grc' dir='ltr'><em>καὶ</em></span> 
     </span>
     <span class='ocr_line' id='line_1_9' title="bbox 363 1334 1684 1432; baseline -0.005 -20"><span class='ocrx_word' id='word_1_72' title='bbox 363 1338 571 1429; x_wconf 75' lang='grc' dir='ltr'><em>ὑφεστῶτος.</em></span> <span class='ocrx_word' id='word_1_73' title='bbox 617 1340 684 1425; x_wconf 74' lang='grc' dir='ltr'><em>»ῶς</em></span> <span class='ocrx_word' id='word_1_74' title='bbox 714 1341 777 1430; x_wconf 83' lang='grc' dir='ltr'><em>γάρ</em></span> <span class='ocrx_word' id='word_1_75' title='bbox 809 1338 827 1412; x_wconf 92' lang='lat'><em>6</em></span> <span class='ocrx_word' id='word_1_76' title='bbox 854 1342 969 1432; x_wconf 81' lang='grc' dir='ltr'><em>πατὴρ</em></span> <span class='ocrx_word' id='word_1_77' title='bbox 997 1341 1089 1431; x_wconf 79' lang='grc' dir='ltr'><em>ζωὴν</em></span> <span class='ocrx_word' id='word_1_78' title='bbox 1112 1346 1175 1430; x_wconf 81' lang='grc' dir='ltr'><em>έχει</em></span> <span class='ocrx_word' id='word_1_79' title='bbox 1197 1346 1236 1412; x_wconf 86' lang='grc' dir='ltr'><em>ἐν</em></span> <span class='ocrx_word' id='word_1_80' title='bbox 1257 1343 1366 1429; x_wconf 75' lang='grc' dir='ltr'><em>ἑαυτῷ</em></span> <span class='ocrx_word' id='word_1_81' title='bbox 1389 1334 1520 1427; x_wconf 69' lang='grc' dir='ltr'><em>(οὕτως</em></span> <span class='ocrx_word' id='word_1_82' title='bbox 1546 1345 1604 1408; x_wconf 89' lang='grc' dir='ltr'><em>καὶ</em></span> <span class='ocrx_word' id='word_1_83' title='bbox 1630 1343 1684 1424; x_wconf 77' lang='grc' dir='ltr'><em>τῷ</em></span> 
     </span>
     <span class='ocr_line' id='line_1_10' title="bbox 363 1434 1684 1531; baseline -0.004 -20"><span class='ocrx_word' id='word_1_84' title='bbox 363 1445 426 1530; x_wconf 82' lang='grc' dir='ltr'><em>υίῶ</em></span> <span class='ocrx_word' id='word_1_85' title='bbox 451 1444 577 1512; x_wconf 80' lang='grc' dir='ltr'><em>ἔδωκεν</em></span> <span class='ocrx_word' id='word_1_86' title='bbox 600 1442 693 1531; x_wconf 74' lang='grc' dir='ltr'><em>ζωὴν</em></span> <span class='ocrx_word' id='word_1_87' title='bbox 715 1447 801 1530; x_wconf 81' lang='grc' dir='ltr'><em>ἔχειν</em></span> <span class='ocrx_word' id='word_1_88' title='bbox 823 1447 860 1513; x_wconf 82' lang='grc' dir='ltr'><em>ἐν</em></span> <span class='ocrx_word' id='word_1_89' title='bbox 888 1444 1032 1531; x_wconf 75' lang='grc' dir='ltr'><em>ἑαυτῴ&gt;ι</em></span> <span class='ocrx_word' id='word_1_90' title='bbox 1070 1438 1173 1524; x_wconf 85' lang='grc' dir='ltr'><em>αῦτδς</em></span> <span class='ocrx_word' id='word_1_91' title='bbox 1203 1447 1315 1529; x_wconf 90' lang='grc' dir='ltr'><em>λέγων</em></span> <span class='ocrx_word' id='word_1_92' title='bbox 1341 1444 1514 1511; x_wconf 89' lang='grc' dir='ltr'><em>ἐδίδασκεν</em></span> <span class='ocrx_word' id='word_1_93' title='bbox 1537 1434 1556 1508; x_wconf 94' lang='lat'><em>6</em></span> <span class='ocrx_word' id='word_1_94' title='bbox 1579 1466 1684 1527; x_wconf 92' lang='grc' dir='ltr'><em>μονο-</em></span> 
     </span>
     <span class='ocr_line' id='line_1_11' title="bbox 312 1535 1741 1663; baseline 0 -52"><span class='ocrx_word' id='word_1_95' title='bbox 312 1559 345 1611; x_wconf 87' lang='grc'><em>10</em></span> <span class='ocrx_word' id='word_1_96' title='bbox 364 1540 464 1663; x_wconf 60' lang='grc' dir='ltr'><em>γγνὴς</em></span> <span class='ocrx_word' id='word_1_97' title='bbox 488 1546 551 1613; x_wconf 89' lang='grc' dir='ltr'><em>τοῦ</em></span> <span class='ocrx_word' id='word_1_98' title='bbox 572 1549 672 1621; x_wconf 90' lang='grc' dir='ltr'><em>θεοῦ,</em></span> <span class='ocrx_word' id='word_1_99' title='bbox 696 1535 779 1611; x_wconf 69' lang='lat'><em>66³</em></span> <span class='ocrx_word' id='word_1_100' title='bbox 760 1572 780 1629; x_wconf 87' lang='grc' dir='ltr'><em>η</em></span> <span class='ocrx_word' id='word_1_101' title='bbox 804 1551 860 1611; x_wconf 85' lang='grc' dir='ltr'><em>καὶ</em></span> <span class='ocrx_word' id='word_1_102' title='bbox 882 1538 901 1612; x_wconf 92' lang='lat'><em>6</em></span> <span class='ocrx_word' id='word_1_103' title='bbox 922 1542 1037 1630; x_wconf 78' lang='grc' dir='ltr'><em>πατὴρ</em></span> <span class='ocrx_word' id='word_1_104' title='bbox 1059 1538 1199 1628; x_wconf 87' lang='grc' dir='ltr'><em>άληθῶς</em></span> <span class='ocrx_word' id='word_1_105' title='bbox 1222 1539 1337 1660; x_wconf 75' lang='grc' dir='ltr'><em>πατὴρ</em></span> <span class='ocrx_word' id='word_1_106' title='bbox 1365 1536 1418 1625; x_wconf 87' lang='lat'><em>(06</em></span> <span class='ocrx_word' id='word_1_107' title='bbox 1439 1545 1535 1627; x_wconf 82' lang='grc' dir='ltr'><em>μέχρι</em></span> <span class='ocrx_word' id='word_1_108' title='bbox 1559 1543 1685 1625; x_wconf 80' lang='grc' dir='ltr'><em>φωνῆς</em></span> <span class='ocrx_word' id='word_1_109' title='bbox 1704 1559 1741 1611; x_wconf 76' lang='lat'><em>15</em></span> 
     </span>
     <span class='ocr_line' id='line_1_12' title="bbox 367 1632 1685 1765; baseline -0.005 -55"><span class='ocrx_word' id='word_1_110' title='bbox 367 1632 434 1710; x_wconf 76' lang='lat'><em>666¹</em></span> <span class='ocrx_word' id='word_1_111' title='bbox 447 1668 496 1729; x_wconf 91' lang='grc' dir='ltr'><em>πη</em></span> <span class='ocrx_word' id='word_1_112' title='bbox 515 1650 743 1730; x_wconf 76' lang='grc' dir='ltr'><em>χρηματίζων</em></span> <span class='ocrx_word' id='word_1_113' title='bbox 760 1637 879 1711; x_wconf 81' lang='grc' dir='ltr'><em>οῦδὲ</em></span> <span class='ocrx_word' id='word_1_114' title='bbox 853 1648 959 1730; x_wconf 75' lang='grc' dir='ltr'><em>ιγνευδῆ</em></span> <span class='ocrx_word' id='word_1_115' title='bbox 973 1647 1177 1728; x_wconf 78' lang='grc' dir='ltr'><em>κεκτημένος</em></span> <span class='ocrx_word' id='word_1_116' title='bbox 1185 1639 1266 1765; x_wconf 69' lang='lat' dir='ltr'><em>t166</em></span> <span class='ocrx_word' id='word_1_117' title='bbox 1272 1643 1512 1728; x_wconf 81' lang='grc' dir='ltr'><em>προσηγορίαν,</em></span> <span class='ocrx_word' id='word_1_118' title='bbox 1535 1633 1685 1725; x_wconf 78' lang='grc' dir='ltr'><em>άληθείςι</em></span> 
     </span>
     <span class='ocr_line' id='line_1_13' title="bbox 365 1729 1684 1828; baseline -0.006 -19"><span class='ocrx_word' id='word_1_119' title='bbox 365 1742 517 1809; x_wconf 82' lang='grc' dir='ltr'><em>δὲκαὶ</em></span> <span class='ocrx_word' id='word_1_120' title='bbox 502 1768 589 1828; x_wconf 86' lang='grc' dir='ltr'><em>εργῳ</em></span> <span class='ocrx_word' id='word_1_121' title='bbox 616 1739 731 1828; x_wconf 83' lang='grc' dir='ltr'><em>πατὴρ</em></span> <span class='ocrx_word' id='word_1_122' title='bbox 753 1745 829 1812; x_wconf 85' lang='grc' dir='ltr'><em>υίοῦ</em></span> <span class='ocrx_word' id='word_1_123' title='bbox 853 1746 1070 1828; x_wconf 86' lang='grc' dir='ltr'><em>μονογενοῦς)</em></span> <span class='ocrx_word' id='word_1_124' title='bbox 1097 1747 1153 1813; x_wconf 81' lang='grc' dir='ltr'><em>καὶ</em></span> <span class='ocrx_word' id='word_1_125' title='bbox 1175 1734 1194 1809; x_wconf 89' lang='lat'><em>6</em></span> <span class='ocrx_word' id='word_1_126' title='bbox 1217 1737 1290 1820; x_wconf 83' lang='grc' dir='ltr'><em>υίὸς</em></span> <span class='ocrx_word' id='word_1_127' title='bbox 1311 1735 1454 1827; x_wconf 86' lang='grc' dir='ltr'><em>άληθῶς</em></span> <span class='ocrx_word' id='word_1_128' title='bbox 1475 1731 1558 1816; x_wconf 74' lang='grc' dir='ltr'><em>υἱός.</em></span> <span class='ocrx_word' id='word_1_129' title='bbox 1603 1729 1623 1804; x_wconf 92' lang='lat'><em>6</em></span> <span class='ocrx_word' id='word_1_130' title='bbox 1648 1740 1684 1802; x_wconf 87' lang='grc' dir='ltr'><em>δε</em></span> 
     </span>
     <span class='ocr_line' id='line_1_14' title="bbox 365 1832 1684 1961; baseline -0.001 -54"><span class='ocrx_word' id='word_1_131' title='bbox 365 1837 469 1923; x_wconf 86' lang='grc' dir='ltr'><em>φιλὸν</em></span> <span class='ocrx_word' id='word_1_132' title='bbox 503 1838 608 1925; x_wconf 85' lang='grc' dir='ltr'><em>λόγον</em></span> <span class='ocrx_word' id='word_1_133' title='bbox 635 1839 721 1908; x_wconf 73' lang='grc' dir='ltr'><em>εἶναι</em></span> <span class='ocrx_word' id='word_1_134' title='bbox 752 1839 815 1911; x_wconf 84' lang='grc' dir='ltr'><em>τὸν</em></span> <span class='ocrx_word' id='word_1_135' title='bbox 844 1839 920 1910; x_wconf 85' lang='grc' dir='ltr'><em>υίόν</em></span> <span class='ocrx_word' id='word_1_136' title='bbox 950 1836 1202 1961; x_wconf 77' lang='grc' dir='ltr'><em>ὑπολαμβάνων</em></span> <span class='ocrx_word' id='word_1_137' title='bbox 1230 1846 1286 1908; x_wconf 83' lang='grc' dir='ltr'><em>καὶ</em></span> <span class='ocrx_word' id='word_1_138' title='bbox 1317 1834 1425 1927; x_wconf 87' lang='grc' dir='ltr'><em>μόνον</em></span> <span class='ocrx_word' id='word_1_139' title='bbox 1457 1832 1564 1922; x_wconf 84' lang='grc' dir='ltr'><em>λόγον</em></span> <span class='ocrx_word' id='word_1_140' title='bbox 1596 1836 1684 1903; x_wconf 80' lang='grc' dir='ltr'><em>εἶναι</em></span> 
     </span>
     <span class='ocr_line' id='line_1_15' title="bbox 364 1925 1685 2055; baseline -0.002 -51"><span class='ocrx_word' id='word_1_141' title='bbox 364 1936 620 2055; x_wconf 78' lang='grc' dir='ltr'><em>μηρτυρδμενος</em></span> <span class='ocrx_word' id='word_1_142' title='bbox 640 1946 696 2007; x_wconf 88' lang='grc' dir='ltr'><em>καὶ</em></span> <span class='ocrx_word' id='word_1_143' title='bbox 718 1935 885 2020; x_wconf 79' lang='grc' dir='ltr'><em>πολλάκις</em></span> <span class='ocrx_word' id='word_1_144' title='bbox 907 1935 1002 2010; x_wconf 78' lang='grc' dir='ltr'><em>τοῦτ’</em></span> <span class='ocrx_word' id='word_1_145' title='bbox 1026 1937 1110 2011; x_wconf 80' lang='grc' dir='ltr'><em>αὐτὸ</em></span> <span class='ocrx_word' id='word_1_146' title='bbox 1133 1935 1293 2026; x_wconf 88' lang='grc' dir='ltr'><em>λέγων</em></span> <span class='ocrx_word' id='word_1_147' title='bbox 1265 1968 1313 2018; x_wconf 89' lang='grc' dir='ltr'><em>ως</em></span> <span class='ocrx_word' id='word_1_148' title='bbox 1336 1934 1473 2009; x_wconf 74' lang='lat'><em>666⁰</em></span> <span class='ocrx_word' id='word_1_149' title='bbox 1456 1962 1579 2021; x_wconf 88' lang='grc' dir='ltr'><em>ετερον</em></span> <span class='ocrx_word' id='word_1_150' title='bbox 1602 1925 1648 2021; x_wconf 87' lang='lat'><em>66</em></span> <span class='ocrx_word' id='word_1_151' title='bbox 1664 1928 1685 2019; x_wconf 93' lang='lat'><em>6</em></span> 
     </span>
     <span class='ocr_line' id='line_1_16' title="bbox 313 2031 1686 2128; baseline -0.005 -20"><span class='ocrx_word' id='word_1_152' title='bbox 313 2058 346 2110; x_wconf 81' lang='lat'><em>15</em></span> <span class='ocrx_word' id='word_1_153' title='bbox 365 2032 476 2123; x_wconf 87' lang='grc' dir='ltr'><em>λόγος,</em></span> <span class='ocrx_word' id='word_1_154' title='bbox 501 2039 601 2106; x_wconf 81' lang='grc' dir='ltr'><em>ἔνδον</em></span> <span class='ocrx_word' id='word_1_155' title='bbox 624 2044 738 2125; x_wconf 84' lang='grc' dir='ltr'><em>μένων</em></span> <span class='ocrx_word' id='word_1_156' title='bbox 765 2041 802 2106; x_wconf 84' lang='grc' dir='ltr'><em>ἐν</em></span> <span class='ocrx_word' id='word_1_157' title='bbox 826 2034 1025 2125; x_wconf 77' lang='grc' dir='ltr'><em>ἡσυχάζοντι</em></span> <span class='ocrx_word' id='word_1_158' title='bbox 1048 2046 1098 2128; x_wconf 83' lang='grc' dir='ltr'><em>τῶ</em></span> <span class='ocrx_word' id='word_1_159' title='bbox 1125 2045 1229 2124; x_wconf 88' lang='grc' dir='ltr'><em>πατρὶ</em></span> <span class='ocrx_word' id='word_1_160' title='bbox 1251 2041 1400 2124; x_wconf 76' lang='grc' dir='ltr'><em>ἐνεργῶν</em></span> <span class='ocrx_word' id='word_1_161' title='bbox 1421 2041 1457 2106; x_wconf 81' lang='grc' dir='ltr'><em>δὲ</em></span> <span class='ocrx_word' id='word_1_162' title='bbox 1479 2038 1516 2104; x_wconf 86' lang='grc' dir='ltr'><em>ἐν</em></span> <span class='ocrx_word' id='word_1_163' title='bbox 1540 2041 1594 2122; x_wconf 82' lang='grc' dir='ltr'><em>τῷ</em></span> <span class='ocrx_word' id='word_1_164' title='bbox 1618 2031 1686 2120; x_wconf 77' lang='grc' dir='ltr'><em>τίγν</em></span> 
     </span>
     <span class='ocr_line' id='line_1_17' title="bbox 365 2108 1686 2226; baseline -0.002 -23"><span class='ocrx_word' id='word_1_165' title='bbox 365 2143 477 2205; x_wconf 88' lang='grc' dir='ltr'><em>κτίσιν</em></span> <span class='ocrx_word' id='word_1_166' title='bbox 500 2142 721 2224; x_wconf 81' lang='grc' dir='ltr'><em>δημιουργεῖν,</em></span> <span class='ocrx_word' id='word_1_167' title='bbox 744 2132 871 2225; x_wconf 86' lang='grc' dir='ltr'><em>ὁμοίως</em></span> <span class='ocrx_word' id='word_1_168' title='bbox 894 2144 945 2226; x_wconf 85' lang='grc' dir='ltr'><em>τῶ</em></span> <span class='ocrx_word' id='word_1_169' title='bbox 968 2108 1119 2226; x_wconf 76' lang='grc' dir='ltr'><em>ἡμετέρῳ</em></span> <span class='ocrx_word' id='word_1_170' title='bbox 1142 2141 1180 2206; x_wconf 86' lang='grc' dir='ltr'><em>ἐν</em></span> <span class='ocrx_word' id='word_1_171' title='bbox 1201 2142 1380 2205; x_wconf 82' lang='grc' dir='ltr'><em>σιωπῶσιν</em></span> <span class='ocrx_word' id='word_1_172' title='bbox 1399 2141 1460 2223; x_wconf 83' lang='grc' dir='ltr'><em>μὲν</em></span> <span class='ocrx_word' id='word_1_173' title='bbox 1476 2130 1686 2223; x_wconf 79' lang='grc' dir='ltr'><em>ἡσυχάζοντι</em></span> 
     </span>
     <span class='ocr_line' id='line_1_18' title="bbox 366 2231 1685 2323; baseline -0.005 -17"><span class='ocrx_word' id='word_1_174' title='bbox 366 2240 403 2306; x_wconf 92' lang='grc' dir='ltr'><em>ἐν</em></span> <span class='ocrx_word' id='word_1_175' title='bbox 434 2241 469 2304; x_wconf 82' lang='grc' dir='ltr'><em>δὲ</em></span> <span class='ocrx_word' id='word_1_176' title='bbox 501 2241 748 2323; x_wconf 80' lang='grc' dir='ltr'><em>φθεγγομένοις</em></span> <span class='ocrx_word' id='word_1_177' title='bbox 778 2239 987 2323; x_wconf 88' lang='grc' dir='ltr'><em>ἐνεργοῦντι,</em></span> <span class='ocrx_word' id='word_1_178' title='bbox 1025 2240 1127 2322; x_wconf 82' lang='grc' dir='ltr'><em>δι’γλος</em></span> <span class='ocrx_word' id='word_1_179' title='bbox 1157 2233 1200 2304; x_wconf 83' lang='grc' dir='ltr'><em>άν</em></span> <span class='ocrx_word' id='word_1_180' title='bbox 1231 2238 1281 2322; x_wconf 88' lang='grc' dir='ltr'><em>είη</em></span> <span class='ocrx_word' id='word_1_181' title='bbox 1312 2231 1481 2323; x_wconf 79' lang='grc' dir='ltr'><em>Ἰουδατκῷ</em></span> <span class='ocrx_word' id='word_1_182' title='bbox 1519 2263 1592 2305; x_wconf 89' lang='grc' dir='ltr'><em>τινι</em></span> <span class='ocrx_word' id='word_1_183' title='bbox 1628 2240 1685 2303; x_wconf 79' lang='grc' dir='ltr'><em>καὶ</em></span> 
     </span>
     <span class='ocr_line' id='line_1_19' title="bbox 366 2329 1687 2423; baseline -0.003 -18"><span class='ocrx_word' id='word_1_184' title='bbox 366 2332 579 2422; x_wconf 76' lang='grc' dir='ltr'><em>ἀνθρωπίνῳ</em></span> <span class='ocrx_word' id='word_1_185' title='bbox 611 2339 808 2420; x_wconf 80' lang='grc' dir='ltr'><em>συντρέχων</em></span> <span class='ocrx_word' id='word_1_186' title='bbox 839 2336 1032 2423; x_wconf 81' lang='grc' dir='ltr'><em>φρονήματι</em></span> <span class='ocrx_word' id='word_1_187' title='bbox 1062 2333 1125 2405; x_wconf 85' lang='grc' dir='ltr'><em>τὸν</em></span> <span class='ocrx_word' id='word_1_188' title='bbox 1155 2329 1187 2402; x_wconf 83' lang='lat'><em>6’</em></span> <span class='ocrx_word' id='word_1_189' title='bbox 1220 2330 1362 2422; x_wconf 87' lang='grc' dir='ltr'><em>άληθῶς</em></span> <span class='ocrx_word' id='word_1_190' title='bbox 1393 2334 1471 2404; x_wconf 81' lang='grc' dir='ltr'><em>υἱὸν</em></span> <span class='ocrx_word' id='word_1_191' title='bbox 1500 2339 1566 2405; x_wconf 91' lang='grc' dir='ltr'><em>τοῦ</em></span> <span class='ocrx_word' id='word_1_192' title='bbox 1598 2338 1687 2402; x_wconf 90' lang='grc' dir='ltr'><em>θεοῦ</em></span> 
     </span>
     <span class='ocr_line' id='line_1_20' title="bbox 366 2428 1745 2523; baseline -0.001 -18"><span class='ocrx_word' id='word_1_193' title='bbox 366 2430 582 2523; x_wconf 74' lang='grc' dir='ltr'><em>ἀρνούμενος,</em></span> <span class='ocrx_word' id='word_1_194' title='bbox 619 2439 648 2502; x_wconf 85' lang='grc' dir='ltr'><em>εἰ</em></span> <span class='ocrx_word' id='word_1_195' title='bbox 670 2440 753 2519; x_wconf 91' lang='grc' dir='ltr'><em>γοῦν</em></span> <span class='ocrx_word' id='word_1_196' title='bbox 777 2463 828 2514; x_wconf 92' lang='grc' dir='ltr'><em>τις</em></span> <span class='ocrx_word' id='word_1_197' title='bbox 848 2430 1021 2504; x_wconf 77' lang='grc' dir='ltr'><em>Ἰουδαίων</em></span> <span class='ocrx_word' id='word_1_198' title='bbox 1043 2428 1155 2518; x_wconf 81' lang='grc' dir='ltr'><em>έροιτὸ</em></span> <span class='ocrx_word' id='word_1_199' title='bbox 1178 2460 1263 2517; x_wconf 92' lang='grc' dir='ltr'><em>τινα,</em></span> <span class='ocrx_word' id='word_1_200' title='bbox 1286 2438 1314 2503; x_wconf 86' lang='grc' dir='ltr'><em>εί</em></span> <span class='ocrx_word' id='word_1_201' title='bbox 1336 2429 1442 2521; x_wconf 84' lang='grc' dir='ltr'><em>λόγον</em></span> <span class='ocrx_word' id='word_1_202' title='bbox 1464 2428 1566 2521; x_wconf 81' lang='grc' dir='ltr'><em>ἔχειδ</em></span> <span class='ocrx_word' id='word_1_203' title='bbox 1591 2428 1687 2514; x_wconf 84' lang='grc' dir='ltr'><em>θεάς,</em></span> <span class='ocrx_word' id='word_1_204' title='bbox 1708 2450 1745 2503; x_wconf 81' lang='grc'><em>16</em></span> 
     </span>
     <span class='ocr_line' id='line_1_21' title="bbox 314 2528 1688 2620; baseline -0.001 -17"><span class='ocrx_word' id='word_1_205' title='bbox 314 2550 349 2603; x_wconf 83' lang='grc'><em>20</em></span> <span class='ocrx_word' id='word_1_206' title='bbox 367 2530 509 2615; x_wconf 88' lang='grc' dir='ltr'><em>πάντως</em></span> <span class='ocrx_word' id='word_1_207' title='bbox 531 2562 599 2603; x_wconf 92' lang='grc' dir='ltr'><em>που</em></span> <span class='ocrx_word' id='word_1_208' title='bbox 621 2530 732 2620; x_wconf 84' lang='grc' dir='ltr'><em>φήσει·</em></span> <span class='ocrx_word' id='word_1_209' title='bbox 760 2537 831 2603; x_wconf 85' lang='grc' dir='ltr'><em>ἐπεὶ</em></span> <span class='ocrx_word' id='word_1_210' title='bbox 855 2539 920 2618; x_wconf 82' lang='grc' dir='ltr'><em>[καὶ</em></span> <span class='ocrx_word' id='word_1_211' title='bbox 943 2530 1057 2620; x_wconf 85' lang='grc' dir='ltr'><em>λόγον]</em></span> <span class='ocrx_word' id='word_1_212' title='bbox 1080 2539 1136 2600; x_wconf 83' lang='grc' dir='ltr'><em>καὶ</em></span> <span class='ocrx_word' id='word_1_213' title='bbox 1158 2528 1280 2620; x_wconf 83' lang='grc' dir='ltr'><em>λόγους</em></span> <span class='ocrx_word' id='word_1_214' title='bbox 1301 2540 1441 2615; x_wconf 87' lang='grc' dir='ltr'><em>πλείους</em></span> <span class='ocrx_word' id='word_1_215' title='bbox 1463 2535 1552 2620; x_wconf 80' lang='grc' dir='ltr'><em>ἔχειν</em></span> <span class='ocrx_word' id='word_1_216' title='bbox 1575 2528 1688 2603; x_wconf 74' lang='grc' dir='ltr'><em>αὐτὸν</em></span> 
     </span>
     <span class='ocr_line' id='line_1_22' title="bbox 368 2623 1688 2720; baseline -0.002 -18"><span class='ocrx_word' id='word_1_217' title='bbox 368 2629 607 2720; x_wconf 79' lang='grc' dir='ltr'><em>ὁμολογήσειεν</em></span> <span class='ocrx_word' id='word_1_218' title='bbox 630 2629 673 2700; x_wconf 86' lang='lat'><em>66</em></span> <span class='ocrx_word' id='word_1_219' title='bbox 693 2629 862 2703; x_wconf 82' lang='grc' dir='ltr'><em>Ἰουδαίων</em></span> <span class='ocrx_word' id='word_1_220' title='bbox 885 2623 981 2711; x_wconf 80' lang='grc' dir='ltr'><em>άπας.</em></span> <span class='ocrx_word' id='word_1_221' title='bbox 1004 2624 1059 2701; x_wconf 79' lang='grc' dir='ltr'><em>ὅτι</em></span> <span class='ocrx_word' id='word_1_222' title='bbox 1081 2636 1116 2699; x_wconf 81' lang='grc' dir='ltr'><em>δὲ</em></span> <span class='ocrx_word' id='word_1_223' title='bbox 1137 2638 1192 2700; x_wconf 85' lang='grc' dir='ltr'><em>καὶ</em></span> <span class='ocrx_word' id='word_1_224' title='bbox 1213 2630 1290 2703; x_wconf 81' lang='grc' dir='ltr'><em>υἱὸν</em></span> <span class='ocrx_word' id='word_1_225' title='bbox 1310 2634 1385 2720; x_wconf 73' lang='grc' dir='ltr'><em>ἔχει,</em></span> <span class='ocrx_word' id='word_1_226' title='bbox 1409 2628 1521 2703; x_wconf 72' lang='grc' dir='ltr'><em>οὐκέτ’</em></span> <span class='ocrx_word' id='word_1_227' title='bbox 1537 2629 1582 2701; x_wconf 81' lang='lat'><em>66</em></span> <span class='ocrx_word' id='word_1_228' title='bbox 1605 2625 1688 2718; x_wconf 81' lang='grc' dir='ltr'><em>ὁμο·</em></span> 
     </span>
     <span class='ocr_line' id='line_1_23' title="bbox 368 2726 1744 2818; baseline -0.001 -16"><span class='ocrx_word' id='word_1_229' title='bbox 368 2728 542 2818; x_wconf 86' lang='grc' dir='ltr'><em>λογήσειεν</em></span> <span class='ocrx_word' id='word_1_230' title='bbox 564 2735 759 2817; x_wconf 88' lang='grc' dir='ltr'><em>ἐρωτηθείς.</em></span> <span class='ocrx_word' id='word_1_231' title='bbox 790 2736 819 2799; x_wconf 86' lang='grc' dir='ltr'><em>εί</em></span> <span class='ocrx_word' id='word_1_232' title='bbox 841 2728 941 2817; x_wconf 80' lang='grc' dir='ltr'><em>δὲμὴ</em></span> <span class='ocrx_word' id='word_1_233' title='bbox 963 2726 1132 2800; x_wconf 87' lang='grc' dir='ltr'><em>Ἰουδαίων</em></span> <span class='ocrx_word' id='word_1_234' title='bbox 1155 2726 1228 2801; x_wconf 76' lang='grc' dir='ltr'><em>ἀλλ’</em></span> <span class='ocrx_word' id='word_1_235' title='bbox 1252 2728 1453 2802; x_wconf 80' lang='grc' dir='ltr'><em>ἐπισκόπων</em></span> <span class='ocrx_word' id='word_1_236' title='bbox 1474 2760 1527 2813; x_wconf 89' lang='grc' dir='ltr'><em>τις</em></span> <span class='ocrx_word' id='word_1_237' title='bbox 1550 2729 1689 2812; x_wconf 82' lang='grc' dir='ltr'><em>ταύτην</em></span> <span class='ocrx_word' id='word_1_238' title='bbox 1710 2750 1744 2802; x_wconf 71' lang='grc'><em>17</em></span> 
     </span>
     <span class='ocr_line' id='line_1_24' title="bbox 367 2825 1730 2919; baseline 0.003 -20"><span class='ocrx_word' id='word_1_239' title='bbox 367 2826 537 2917; x_wconf 85' lang='grc' dir='ltr'><em>είσαγάγοι</em></span> <span class='ocrx_word' id='word_1_240' title='bbox 560 2828 624 2916; x_wconf 84' lang='grc' dir='ltr'><em>τὴν</em></span> <span class='ocrx_word' id='word_1_241' title='bbox 647 2826 759 2914; x_wconf 72' lang='grc' dir='ltr'><em>δόξαν,</em></span> <span class='ocrx_word' id='word_1_242' title='bbox 782 2828 887 2916; x_wconf 88' lang='grc' dir='ltr'><em>λόγον</em></span> <span class='ocrx_word' id='word_1_243' title='bbox 909 2825 1016 2899; x_wconf 79' lang='grc' dir='ltr'><em>αὐτὸν</em></span> <span class='ocrx_word' id='word_1_244' title='bbox 1037 2827 1146 2914; x_wconf 86' lang='grc' dir='ltr'><em>μόνον</em></span> <span class='ocrx_word' id='word_1_245' title='bbox 1167 2830 1280 2912; x_wconf 87' lang='grc' dir='ltr'><em>διδοῦς</em></span> <span class='ocrx_word' id='word_1_246' title='bbox 1301 2827 1482 2918; x_wconf 71' lang='grc' dir='ltr'><em>ίνωμένσν</em></span> <span class='ocrx_word' id='word_1_247' title='bbox 1505 2837 1557 2919; x_wconf 84' lang='grc' dir='ltr'><em>τῷ</em></span> <span class='ocrx_word' id='word_1_248' title='bbox 1583 2838 1660 2919; x_wconf 85' lang='grc' dir='ltr'><em>θεῶ</em></span> <span class='ocrx_word' id='word_1_249' title='bbox 1709 2848 1730 2903; x_wconf 72' lang='lat'><strong>5</strong></span> 
     </span>
     <span class='ocr_line' id='line_1_25' title="bbox 367 2922 1688 3046; baseline 0.002 -50"><span class='ocrx_word' id='word_1_250' title='bbox 367 2935 423 2997; x_wconf 86' lang='grc' dir='ltr'><em>καὶ</em></span> <span class='ocrx_word' id='word_1_251' title='bbox 453 2933 583 2997; x_wconf 86' lang='grc' dir='ltr'><em>τοῦτον</em></span> <span class='ocrx_word' id='word_1_252' title='bbox 613 2930 698 2997; x_wconf 77' lang='grc' dir='ltr'><em>εἶναι</em></span> <span class='ocrx_word' id='word_1_253' title='bbox 729 2924 839 2998; x_wconf 88' lang='grc' dir='ltr'><em>άίδιον</em></span> <span class='ocrx_word' id='word_1_254' title='bbox 864 2922 961 2996; x_wconf 80' lang='grc' dir='ltr'><em>κάλ’</em></span> <span class='ocrx_word' id='word_1_255' title='bbox 942 2934 1130 3046; x_wconf 88' lang='grc' dir='ltr'><em>αγέννητον</em></span> <span class='ocrx_word' id='word_1_256' title='bbox 1153 2930 1189 2997; x_wconf 76' lang='grc' dir='ltr'><em>ἓν</em></span> <span class='ocrx_word' id='word_1_257' title='bbox 1211 2956 1249 2997; x_wconf 87' lang='grc' dir='ltr'><em>τε</em></span> <span class='ocrx_word' id='word_1_258' title='bbox 1271 2931 1355 2999; x_wconf 80' lang='grc' dir='ltr'><em>εἶναι</em></span> <span class='ocrx_word' id='word_1_259' title='bbox 1381 2936 1438 2999; x_wconf 85' lang='grc' dir='ltr'><em>καὶ</em></span> <span class='ocrx_word' id='word_1_260' title='bbox 1470 2927 1604 3000; x_wconf 87' lang='grc' dir='ltr'><em>ταῦτδν</em></span> <span class='ocrx_word' id='word_1_261' title='bbox 1634 2937 1688 3000; x_wconf 85' lang='grc' dir='ltr'><em>τῶ</em></span> 
     </span>
     <span class='ocr_line' id='line_1_26' title="bbox 315 3021 1690 3155; baseline 0.003 -59"><span class='ocrx_word' id='word_1_262' title='bbox 315 3044 349 3096; x_wconf 81' lang='lat'><em>25</em></span> <span class='ocrx_word' id='word_1_263' title='bbox 367 3032 449 3113; x_wconf 80' lang='grc' dir='ltr'><em>θεῷ,</em></span> <span class='ocrx_word' id='word_1_264' title='bbox 473 3021 636 3111; x_wconf 79' lang='grc' dir='ltr'><em>ὀνόμασιν</em></span> <span class='ocrx_word' id='word_1_265' title='bbox 658 3033 718 3113; x_wconf 83' lang='grc' dir='ltr'><em>μὲν</em></span> <span class='ocrx_word' id='word_1_266' title='bbox 748 3024 924 3112; x_wconf 85' lang='grc' dir='ltr'><em>διαφόροις</em></span> <span class='ocrx_word' id='word_1_267' title='bbox 950 3026 1081 3113; x_wconf 87' lang='grc' dir='ltr'><em>πατρὸς</em></span> <span class='ocrx_word' id='word_1_268' title='bbox 1110 3032 1167 3095; x_wconf 83' lang='grc' dir='ltr'><em>καὶ</em></span> <span class='ocrx_word' id='word_1_269' title='bbox 1198 3030 1272 3096; x_wconf 84' lang='grc' dir='ltr'><em>υἱοῦ</em></span> <span class='ocrx_word' id='word_1_270' title='bbox 1302 3036 1568 3155; x_wconf 75' lang='grc' dir='ltr'><em>γγρηματίζοντα</em></span> <span class='ocrx_word' id='word_1_271' title='bbox 1589 3026 1690 3121; x_wconf 75' lang='grc' dir='ltr'><em>οὐσίᾳ</em></span> 
     </span>
     <span class='ocr_line' id='line_1_27' title="bbox 368 3118 1691 3216; baseline 0.004 -22"><span class='ocrx_word' id='word_1_272' title='bbox 368 3130 403 3194; x_wconf 93' lang='grc' dir='ltr'><em>δε</em></span> <span class='ocrx_word' id='word_1_273' title='bbox 425 3121 523 3193; x_wconf 82' lang='grc' dir='ltr'><em>καὶ</em></span> <span class='ocrx_word' id='word_1_274' title='bbox 502 3121 685 3195; x_wconf 88' lang='grc' dir='ltr'><em>υποστάσει</em></span> <span class='ocrx_word' id='word_1_275' title='bbox 707 3153 744 3194; x_wconf 87' lang='grc' dir='ltr'><em>εν</em></span> <span class='ocrx_word' id='word_1_276' title='bbox 767 3118 866 3205; x_wconf 85' lang='grc' dir='ltr'><em>ὄν,τα</em></span> <span class='ocrx_word' id='word_1_277' title='bbox 898 3133 974 3207; x_wconf 88' lang='grc' dir='ltr'><em>πῶς</em></span> <span class='ocrx_word' id='word_1_278' title='bbox 1004 3122 1045 3196; x_wconf 88' lang='lat'><em>66</em></span> <span class='ocrx_word' id='word_1_279' title='bbox 1076 3123 1227 3213; x_wconf 83' lang='grc' dir='ltr'><em>δῆλος</em></span> <span class='ocrx_word' id='word_1_280' title='bbox 1208 3156 1251 3196; x_wconf 90' lang='grc' dir='ltr'><em>αν</em></span> <span class='ocrx_word' id='word_1_281' title='bbox 1282 3134 1418 3215; x_wconf 93' lang='grc' dir='ltr'><em>γένοιτο</em></span> <span class='ocrx_word' id='word_1_282' title='bbox 1446 3126 1510 3197; x_wconf 87' lang='grc' dir='ltr'><em>τὸν</em></span> <span class='ocrx_word' id='word_1_283' title='bbox 1532 3134 1597 3216; x_wconf 81' lang='grc' dir='ltr'><em>μὲν</em></span> <span class='ocrx_word' id='word_1_284' title='bbox 1619 3138 1691 3200; x_wconf 88' lang='grc' dir='ltr'><em>Σα·</em></span> 
     </span>
     <span class='ocr_line' id='line_1_28' title="bbox 367 3220 1692 3340; baseline 0.005 -47"><span class='ocrx_word' id='word_1_285' title='bbox 367 3231 503 3309; x_wconf 85' lang='grc' dir='ltr'><em>βέλλιον</em></span> <span class='ocrx_word' id='word_1_286' title='bbox 529 3220 776 3310; x_wconf 86' lang='grc' dir='ltr'><em>ῦποδυὸμενος,</em></span> <span class='ocrx_word' id='word_1_287' title='bbox 809 3231 869 3340; x_wconf 79' lang='grc' dir='ltr'><em>της</em></span> <span class='ocrx_word' id='word_1_288' title='bbox 900 3222 932 3296; x_wconf 83' lang='lat'><em>6</em></span> <span class='ocrx_word' id='word_1_289' title='bbox 965 3228 1002 3293; x_wconf 84' lang='grc' dir='ltr'><em>ἐν</em></span> <span class='ocrx_word' id='word_1_290' title='bbox 1030 3230 1167 3312; x_wconf 78' lang='grc' dir='ltr'><em>Χριστῷ</em></span> <span class='ocrx_word' id='word_1_291' title='bbox 1199 3224 1359 3312; x_wconf 87' lang='grc' dir='ltr'><em>γνῶσεῶς</em></span> <span class='ocrx_word' id='word_1_292' title='bbox 1391 3255 1428 3297; x_wconf 94' lang='grc' dir='ltr'><em>τε</em></span> <span class='ocrx_word' id='word_1_293' title='bbox 1458 3235 1514 3296; x_wconf 84' lang='grc' dir='ltr'><em>καὶ</em></span> <span class='ocrx_word' id='word_1_294' title='bbox 1545 3225 1692 3315; x_wconf 84' lang='grc' dir='ltr'><em>χάριτος</em></span> 
     </span>
     <span class='ocr_line' id='line_1_29' title="bbox 368 3319 1693 3443; baseline 0.004 -50.038"><span class='ocrx_word' id='word_1_295' title='bbox 368 3326 658 3443; x_wconf 76' lang='grc' dir='ltr'><em>ηλλοτριωμένος,</em></span> <span class='ocrx_word' id='word_1_296' title='bbox 693 3319 769 3393; x_wconf 77' lang='grc' dir='ltr'><em>οῦδὲ</em></span> <span class='ocrx_word' id='word_1_297' title='bbox 814 3322 875 3441; x_wconf 82' lang='grc' dir='ltr'><em>γάρ</em></span> <span class='ocrx_word' id='word_1_298' title='bbox 916 3334 1026 3410; x_wconf 78' lang='grc' dir='ltr'><em>ζητεῖν</em></span> <span class='ocrx_word' id='word_1_299' title='bbox 1063 3319 1137 3394; x_wconf 85' lang='lat'><em>066&#39;</em></span> <span class='ocrx_word' id='word_1_300' title='bbox 1178 3320 1402 3410; x_wconf 80' lang='grc' dir='ltr'><em>άμφιβάλλειν</em></span> <span class='ocrx_word' id='word_1_301' title='bbox 1439 3322 1565 3398; x_wconf 82' lang='grc' dir='ltr'><em>σῦδέ</em></span> <span class='ocrx_word' id='word_1_302' title='bbox 1549 3333 1693 3413; x_wconf 81' lang='grc' dir='ltr'><em>ἐρωτᾶν</em></span> 
     </span>
     <span class='ocr_line' id='line_1_30' title="bbox 367 3417 1694 3537; baseline 0.006 -48"><span class='ocrx_word' id='word_1_303' title='bbox 367 3418 512 3509; x_wconf 59' lang='grc' dir='ltr'><em>&lt;αυγτο</em></span> <span class='ocrx_word' id='word_1_304' title='bbox 501 3454 525 3493; x_wconf 83' lang='grc' dir='ltr'><em>ς</em></span> <span class='ocrx_word' id='word_1_305' title='bbox 488 3423 601 3491; x_wconf 84' lang='grc' dir='ltr'><em>ιἐί</em></span> <span class='ocrx_word' id='word_1_306' title='bbox 584 3449 629 3537; x_wconf 85' lang='grc' dir='ltr'><em>ην</em></span> <span class='ocrx_word' id='word_1_307' title='bbox 643 3428 698 3490; x_wconf 89' lang='grc' dir='ltr'><em>καὶ</em></span> <span class='ocrx_word' id='word_1_308' title='bbox 720 3449 833 3509; x_wconf 88' lang='grc' dir='ltr'><em>προιγν</em></span> <span class='ocrx_word' id='word_1_309' title='bbox 855 3417 873 3491; x_wconf 92' lang='lat'><em>6</em></span> <span class='ocrx_word' id='word_1_310' title='bbox 896 3421 1081 3510; x_wconf 79' lang='grc' dir='ltr'><em>μονογενὴς</em></span> <span class='ocrx_word' id='word_1_311' title='bbox 1103 3423 1175 3504; x_wconf 86' lang='grc' dir='ltr'><em>υίὸς</em></span> <span class='ocrx_word' id='word_1_312' title='bbox 1198 3452 1260 3492; x_wconf 90' lang='grc' dir='ltr'><em>του</em></span> <span class='ocrx_word' id='word_1_313' title='bbox 1246 3429 1369 3505; x_wconf 69' lang='grc' dir='ltr'><em>’θεοῦ</em></span> <span class='ocrx_word' id='word_1_314' title='bbox 1394 3454 1413 3495; x_wconf 93' lang='grc' dir='ltr'><em>ο</em></span> <span class='ocrx_word' id='word_1_315' title='bbox 1430 3454 1491 3514; x_wconf 90' lang='grc' dir='ltr'><em>της</em></span> <span class='ocrx_word' id='word_1_316' title='bbox 1506 3431 1694 3515; x_wconf 85' lang='grc' dir='ltr'><em>ἐκκλησίας</em></span> 
     </span>
     <span class='ocr_line' id='line_1_31' title="bbox 314 3515 1694 3612; baseline 0.004 -21"><span class='ocrx_word' id='word_1_317' title='bbox 314 3538 349 3591; x_wconf 80' lang='grc'><em>30</em></span> <span class='ocrx_word' id='word_1_318' title='bbox 368 3515 592 3607; x_wconf 85' lang='grc' dir='ltr'><em>ἐπιτρέποι</em></span> <span class='ocrx_word' id='word_1_319' title='bbox 574 3547 617 3586; x_wconf 93' lang='grc' dir='ltr'><em>αν</em></span> <span class='ocrx_word' id='word_1_320' title='bbox 645 3516 782 3606; x_wconf 89' lang='grc' dir='ltr'><em>θεσμός</em></span> <span class='ocrx_word' id='word_1_321' title='bbox 814 3516 1065 3607; x_wconf 81' lang='grc' dir='ltr'><em>ὁμολογουμένη</em></span> <span class='ocrx_word' id='word_1_322' title='bbox 1096 3526 1131 3589; x_wconf 91' lang='grc' dir='ltr'><em>δε</em></span> <span class='ocrx_word' id='word_1_323' title='bbox 1161 3550 1216 3590; x_wconf 86' lang='grc' dir='ltr'><em>και</em></span> <span class='ocrx_word' id='word_1_324' title='bbox 1244 3518 1470 3612; x_wconf 83' lang='grc' dir='ltr'><em>άναμφιβόλῳ</em></span> <span class='ocrx_word' id='word_1_325' title='bbox 1493 3530 1552 3598; x_wconf 72' lang='lat'><em>31¹</em></span> <span class='ocrx_word' id='word_1_326' title='bbox 1574 3537 1694 3599; x_wconf 89' lang='grc' dir='ltr'><em>πίστει</em></span> 
     </span>
     <span class='ocr_line' id='line_1_32' title="bbox 368 3614 1696 3710; baseline 0.007 -23"><span class='ocrx_word' id='word_1_327' title='bbox 368 3618 430 3688; x_wconf 89' lang='grc' dir='ltr'><em>σῦν</em></span> <span class='ocrx_word' id='word_1_328' title='bbox 452 3625 575 3705; x_wconf 76' lang='grc' dir='ltr'><em>πολλῶ</em></span> <span class='ocrx_word' id='word_1_329' title='bbox 599 3614 718 3703; x_wconf 86' lang='grc' dir='ltr'><em>θάρρει</em></span> <span class='ocrx_word' id='word_1_330' title='bbox 740 3626 796 3686; x_wconf 85' lang='grc' dir='ltr'><em>καὶ</em></span> <span class='ocrx_word' id='word_1_331' title='bbox 818 3628 986 3709; x_wconf 91' lang='grc' dir='ltr'><em>παρρησία</em></span> <span class='ocrx_word' id='word_1_332' title='bbox 1009 3616 1205 3689; x_wconf 76' lang='grc' dir='ltr'><em>διδάσκει</em></span> <span class='ocrx_word' id='word_1_333' title='bbox 1170 3649 1235 3690; x_wconf 92' lang='grc' dir='ltr'><em>τον</em></span> <span class='ocrx_word' id='word_1_334' title='bbox 1249 3619 1335 3691; x_wconf 86' lang='grc' dir='ltr'><em>θεὸν</em></span> <span class='ocrx_word' id='word_1_335' title='bbox 1350 3629 1486 3710; x_wconf 88' lang='grc' dir='ltr'><em>πατέρα</em></span> <span class='ocrx_word' id='word_1_336' title='bbox 1509 3626 1599 3694; x_wconf 80' lang='grc' dir='ltr'><em>εἶναι</em></span> <span class='ocrx_word' id='word_1_337' title='bbox 1615 3631 1696 3698; x_wconf 77' lang='grc' dir='ltr'><em>υἱοῦ</em></span> 
     </span>
     <span class='ocr_line' id='line_1_33' title="bbox 369 3712 1695 3841; baseline 0.009 -56"><span class='ocrx_word' id='word_1_338' title='bbox 369 3723 434 3786; x_wconf 92' lang='grc' dir='ltr'><em>τοῦ</em></span> <span class='ocrx_word' id='word_1_339' title='bbox 455 3722 664 3840; x_wconf 85' lang='grc' dir='ltr'><em>μονογειοῦς</em></span> <span class='ocrx_word' id='word_1_340' title='bbox 687 3712 878 3841; x_wconf 81' lang='grc' dir='ltr'><em>ὁμολογεῖν,</em></span> <span class='ocrx_word' id='word_1_341' title='bbox 908 3724 964 3785; x_wconf 79' lang='grc' dir='ltr'><em>καί</em></span> <span class='ocrx_word' id='word_1_342' title='bbox 993 3715 1077 3805; x_wconf 81' lang='grc' dir='ltr'><em>μήτε</em></span> <span class='ocrx_word' id='word_1_343' title='bbox 1104 3717 1167 3788; x_wconf 88' lang='grc' dir='ltr'><em>τδν</em></span> <span class='ocrx_word' id='word_1_344' title='bbox 1194 3726 1325 3807; x_wconf 83' lang='grc' dir='ltr'><em>πατέρα</em></span> <span class='ocrx_word' id='word_1_345' title='bbox 1356 3720 1433 3791; x_wconf 84' lang='grc' dir='ltr'><em>υἱὸν</em></span> <span class='ocrx_word' id='word_1_346' title='bbox 1461 3725 1550 3795; x_wconf 79' lang='grc' dir='ltr'><em>εἶναι</em></span> <span class='ocrx_word' id='word_1_347' title='bbox 1579 3754 1600 3813; x_wconf 88' lang='grc' dir='ltr'><em>ιγ</em></span> <span class='ocrx_word' id='word_1_348' title='bbox 1626 3725 1695 3797; x_wconf 88' lang='grc' dir='ltr'><em>τὸι</em></span> 
     </span>
     <span class='ocr_line' id='line_1_34' title="bbox 368 3812 1696 3935; baseline 0.009 -52"><span class='ocrx_word' id='word_1_349' title='bbox 368 3814 446 3885; x_wconf 80' lang='grc' dir='ltr'><em>υίδν</em></span> <span class='ocrx_word' id='word_1_350' title='bbox 468 3821 601 3899; x_wconf 86' lang='grc' dir='ltr'><em>πατέρα</em></span> <span class='ocrx_word' id='word_1_351' title='bbox 625 3822 783 3901; x_wconf 74' lang='grc' dir='ltr'><em>νομίζειν</em></span> <span class='ocrx_word' id='word_1_352' title='bbox 808 3813 894 3885; x_wconf 83' lang='grc' dir='ltr'><em>άλλὰ</em></span> <span class='ocrx_word' id='word_1_353' title='bbox 917 3814 980 3885; x_wconf 84' lang='grc' dir='ltr'><em>τὸν</em></span> <span class='ocrx_word' id='word_1_354' title='bbox 997 3812 1092 3904; x_wconf 82' lang='grc' dir='ltr'><em>μέν’</em></span> <span class='ocrx_word' id='word_1_355' title='bbox 1072 3824 1239 3935; x_wconf 81' lang='grc' dir='ltr'><em>αγέιιητον</em></span> <span class='ocrx_word' id='word_1_356' title='bbox 1260 3827 1315 3888; x_wconf 86' lang='grc' dir='ltr'><em>καὶ</em></span> <span class='ocrx_word' id='word_1_357' title='bbox 1333 3817 1445 3891; x_wconf 85' lang='grc' dir='ltr'><em>άίδιον</em></span> <span class='ocrx_word' id='word_1_358' title='bbox 1461 3822 1556 3892; x_wconf 78' lang='grc' dir='ltr'><em>καὶ”</em></span> <span class='ocrx_word' id='word_1_359' title='bbox 1535 3853 1696 3913; x_wconf 84' lang='grc' dir='ltr'><em>αναρχον</em></span> 
     </span>
     <span class='ocr_line' id='line_1_35' title="bbox 367 3910 1696 4013; baseline 0.01 -31"><span class='ocrx_word' id='word_1_360' title='bbox 367 3943 423 3982; x_wconf 89' lang='grc' dir='ltr'><em>και</em></span> <span class='ocrx_word' id='word_1_361' title='bbox 446 3920 591 3998; x_wconf 88' lang='grc' dir='ltr'><em>πρῶτον</em></span> <span class='ocrx_word' id='word_1_362' title='bbox 619 3921 674 3981; x_wconf 87' lang='grc' dir='ltr'><em>καὶ</em></span> <span class='ocrx_word' id='word_1_363' title='bbox 696 3910 804 4001; x_wconf 88' lang='grc' dir='ltr'><em>μόνον</em></span> <span class='ocrx_word' id='word_1_364' title='bbox 830 3920 960 3999; x_wconf 86' lang='grc' dir='ltr'><em>πατέρα</em></span> <span class='ocrx_word' id='word_1_365' title='bbox 983 3919 1099 3996; x_wconf 79' lang='grc' dir='ltr'><em>σέβειν,</em></span> <span class='ocrx_word' id='word_1_366' title='bbox 1122 3915 1186 3985; x_wconf 84' lang='grc' dir='ltr'><em>τὸν</em></span> <span class='ocrx_word' id='word_1_367' title='bbox 1209 3923 1243 3986; x_wconf 86' lang='grc' dir='ltr'><em>δὲ</em></span> <span class='ocrx_word' id='word_1_368' title='bbox 1267 3922 1303 3987; x_wconf 83' lang='grc' dir='ltr'><em>ἐκ</em></span> <span class='ocrx_word' id='word_1_369' title='bbox 1325 3925 1389 3989; x_wconf 87' lang='grc' dir='ltr'><em>τοῦ</em></span> <span class='ocrx_word' id='word_1_370' title='bbox 1410 3921 1547 4007; x_wconf 84' lang='grc' dir='ltr'><em>πατρὸς</em></span> <span class='ocrx_word' id='word_1_371' title='bbox 1570 3951 1696 4013; x_wconf 87' lang='grc' dir='ltr'><em>γεννη·</em></span> 
     </span>
    </p>
   </div>
   <div class='ocr_carea' id='block_1_3' title="bbox 369 4140 1699 4309">
    <p class='ocr_par' dir='ltr' id='par_1_3' title="bbox 369 4140 1699 4309">
     <span class='ocr_line' id='line_1_36' title="bbox 454 4140 1699 4216; baseline 0.01 -21"><span class='ocrx_word' id='word_1_372' title='bbox 454 4142 473 4195; x_wconf 88' lang='grc'>8</span> <span class='ocrx_word' id='word_1_373' title='bbox 500 4140 563 4193; x_wconf 82' lang='lat' dir='ltr'><strong>Joh.</strong></span> <span class='ocrx_word' id='word_1_374' title='bbox 592 4145 617 4201; x_wconf 76' lang='grc' dir='ltr'><em>ὃ,</em></span> <span class='ocrx_word' id='word_1_375' title='bbox 642 4143 675 4194; x_wconf 78' lang='grc'><em>26</em></span> <span class='ocrx_word' id='word_1_376' title='bbox 700 4170 733 4178; x_wconf 96' lang='grc'>-</span> <span class='ocrx_word' id='word_1_377' title='bbox 762 4143 832 4195; x_wconf 70' lang='grc' dir='ltr'><em>ΙΜ</em></span> <span class='ocrx_word' id='word_1_378' title='bbox 856 4140 911 4209; x_wconf 78' lang='lat' dir='ltr'>vgl.</span> <span class='ocrx_word' id='word_1_379' title='bbox 930 4141 1051 4194; x_wconf 83' lang='lat' dir='ltr'>Marcell.</span> <span class='ocrx_word' id='word_1_380' title='bbox 1079 4142 1126 4197; x_wconf 85' lang='lat' dir='ltr'><em>Nr.</em></span> <span class='ocrx_word' id='word_1_381' title='bbox 1143 4145 1185 4196; x_wconf 81' lang='lat'><em>42.</em></span> <span class='ocrx_word' id='word_1_382' title='bbox 1208 4147 1249 4199; x_wconf 79' lang='lat'><em>43.</em></span> <span class='ocrx_word' id='word_1_383' title='bbox 1272 4146 1313 4199; x_wconf 89' lang='grc'><em>81.</em></span> <span class='ocrx_word' id='word_1_384' title='bbox 1337 4149 1378 4201; x_wconf 81' lang='lat'><em>62.</em></span> <span class='ocrx_word' id='word_1_385' title='bbox 1402 4152 1444 4203; x_wconf 82' lang='lat'><em>54.</em></span> <span class='ocrx_word' id='word_1_386' title='bbox 1468 4154 1510 4205; x_wconf 79' lang='lat'><em>55.</em></span> <span class='ocrx_word' id='word_1_387' title='bbox 1529 4154 1573 4216; x_wconf 78' lang='lat'><em>56,</em></span> <span class='ocrx_word' id='word_1_388' title='bbox 1601 4153 1699 4208; x_wconf 77' lang='lat' dir='ltr'>semer</span> 
     </span>
     <span class='ocr_line' id='line_1_37' title="bbox 369 4240 1121 4309; baseline -0.001 -14"><span class='ocrx_word' id='word_1_389' title='bbox 369 4243 396 4295; x_wconf 79' lang='lat' dir='ltr'><em>S.</em></span> <span class='ocrx_word' id='word_1_390' title='bbox 417 4244 456 4305; x_wconf 77' lang='lat'><em>18,</em></span> <span class='ocrx_word' id='word_1_391' title='bbox 475 4244 538 4296; x_wconf 68' lang='lat'><em>3:66·</em></span> <span class='ocrx_word' id='word_1_392' title='bbox 553 4271 585 4278; x_wconf 92' lang='lat'>—</span> <span class='ocrx_word' id='word_1_393' title='bbox 605 4240 676 4295; x_wconf 70' lang='lat'><em>266</em></span> <span class='ocrx_word' id='word_1_394' title='bbox 691 4242 746 4309; x_wconf 81' lang='lat' dir='ltr'><strong>vgl.</strong></span> <span class='ocrx_word' id='word_1_395' title='bbox 765 4241 811 4295; x_wconf 84' lang='lat' dir='ltr'><em>Nr.</em></span> <span class='ocrx_word' id='word_1_396' title='bbox 830 4244 870 4294; x_wconf 82' lang='lat'><em>61.</em></span> <span class='ocrx_word' id='word_1_397' title='bbox 889 4243 929 4294; x_wconf 74' lang='lat'><em>28.</em></span> <span class='ocrx_word' id='word_1_398' title='bbox 947 4243 987 4294; x_wconf 79' lang='lat'><em>62.</em></span> <span class='ocrx_word' id='word_1_399' title='bbox 1006 4246 1039 4296; x_wconf 79' lang='lat'><em>55</em></span> <span class='ocrx_word' id='word_1_400' title='bbox 1057 4260 1121 4295; x_wconf 80' lang='lat' dir='ltr'><strong>usw.</strong></span> 
     </span>
    </p>
   </div>
   <div class='ocr_carea' id='block_1_4' title="bbox 370 4420 1700 4697">
    <p class='ocr_par' dir='ltr' id='par_1_4' title="bbox 370 4420 1700 4697">
     <span class='ocr_line' id='line_1_38' title="bbox 458 4420 1700 4504; baseline 0.012 -26"><span class='ocrx_word' id='word_1_401' title='bbox 458 4426 471 4478; x_wconf 95' lang='lat' dir='ltr'>l</span> <span class='ocrx_word' id='word_1_402' title='bbox 493 4427 566 4478; x_wconf 86' lang='grc' dir='ltr'><em>θεοῦ</em></span> <span class='ocrx_word' id='word_1_403' title='bbox 583 4442 602 4491; x_wconf 82' lang='lat' dir='ltr'>g</span> <span class='ocrx_word' id='word_1_404' title='bbox 619 4422 689 4477; x_wconf 81' lang='grc' dir='ltr'><em>θεὸν</em></span> <span class='ocrx_word' id='word_1_405' title='bbox 711 4423 827 4489; x_wconf 71' lang='grc' dir='ltr'><em>θΙθτι</em></span> <span class='ocrx_word' id='word_1_406' title='bbox 848 4420 1378 4501; x_wconf 58' lang='lat' dir='ltr'><em>etr.6&#39;218106662-66662116t</em></span> <span class='ocrx_word' id='word_1_407' title='bbox 1404 4432 1573 4501; x_wconf 65' lang='lat'><em>1461316</em></span> <span class='ocrx_word' id='word_1_408' title='bbox 1594 4436 1700 4504; x_wconf 71' lang='lat' dir='ltr'><em>v116</em></span> 
     </span>
     <span class='ocr_line' id='line_1_39' title="bbox 370 4520 1700 4602; baseline 0.013 -25"><span class='ocrx_word' id='word_1_409' title='bbox 370 4522 428 4595; x_wconf 74' lang='grc' dir='ltr'><em>ἔχει</em></span> <span class='ocrx_word' id='word_1_410' title='bbox 447 4524 499 4577; x_wconf 75' lang='lat' dir='ltr'><em>We</em></span> <span class='ocrx_word' id='word_1_411' title='bbox 518 4520 578 4591; x_wconf 77' lang='grc' dir='ltr'><em>έχοι</em></span> <span class='ocrx_word' id='word_1_412' title='bbox 599 4523 620 4573; x_wconf 84' lang='lat' dir='ltr'>V</span> <span class='ocrx_word' id='word_1_413' title='bbox 638 4528 641 4589; x_wconf 90' lang='grc' dir='ltr'>Ι</span> <span class='ocrx_word' id='word_1_414' title='bbox 659 4524 781 4576; x_wconf 65' lang='lat'><em>261266</em></span> <span class='ocrx_word' id='word_1_415' title='bbox 799 4522 886 4590; x_wconf 84' lang='grc' dir='ltr'><em>λόγον</em></span> <span class='ocrx_word' id='word_1_416' title='bbox 903 4527 948 4575; x_wconf 68' lang='lat' dir='ltr'><em>stt.</em></span> <span class='ocrx_word' id='word_1_417' title='bbox 967 4524 1003 4576; x_wconf 85' lang='lat' dir='ltr'><em>Kl</em></span> <span class='ocrx_word' id='word_1_418' title='bbox 1023 4527 1027 4591; x_wconf 94' lang='grc' dir='ltr'>Ι</span> <span class='ocrx_word' id='word_1_419' title='bbox 1047 4527 1083 4580; x_wconf 74' lang='lat'><em>21</em></span> <span class='ocrx_word' id='word_1_420' title='bbox 1101 4521 1210 4582; x_wconf 72' lang='lat'><em>&#39;3660</em></span> <span class='ocrx_word' id='word_1_421' title='bbox 1228 4530 1291 4585; x_wconf 62' lang='lat' dir='ltr'><em>siv</em></span> <span class='ocrx_word' id='word_1_422' title='bbox 1312 4533 1316 4599; x_wconf 84' lang='grc' dir='ltr'>Ι</span> <span class='ocrx_word' id='word_1_423' title='bbox 1337 4533 1378 4587; x_wconf 77' lang='lat'><em>24</em></span> <span class='ocrx_word' id='word_1_424' title='bbox 1397 4535 1448 4589; x_wconf 84' lang='grc' dir='ltr'><em>τὸν</em></span> <span class='ocrx_word' id='word_1_425' title='bbox 1467 4532 1605 4602; x_wconf 64' lang='grc' dir='ltr'><em>αῦτδνΥ,</em></span> <span class='ocrx_word' id='word_1_426' title='bbox 1626 4556 1700 4594; x_wconf 81' lang='lat' dir='ltr'>corr.</span> 
     </span>
     <span class='ocr_line' id='line_1_40' title="bbox 370 4620 1458 4697; baseline 0.019 -28"><span class='ocrx_word' id='word_1_427' title='bbox 370 4641 412 4680; x_wconf 76' lang='lat' dir='ltr'><em>mr</em></span> <span class='ocrx_word' id='word_1_428' title='bbox 439 4626 444 4691; x_wconf 81' lang='grc' dir='ltr'>Ι</span> <span class='ocrx_word' id='word_1_429' title='bbox 472 4620 777 4677; x_wconf 68' lang='lat'><em>‘38066‘611106666&#39;</em></span> <span class='ocrx_word' id='word_1_430' title='bbox 802 4624 805 4688; x_wconf 95' lang='grc' dir='ltr'>Ι</span> <span class='ocrx_word' id='word_1_431' title='bbox 831 4624 866 4677; x_wconf 71' lang='lat'><em>66</em></span> <span class='ocrx_word' id='word_1_432' title='bbox 884 4621 979 4687; x_wconf 81' lang='grc' dir='ltr'><em>αὐτοῖς</em></span> <span class='ocrx_word' id='word_1_433' title='bbox 998 4625 1032 4677; x_wconf 85' lang='lat' dir='ltr'><em>Kl</em></span> <span class='ocrx_word' id='word_1_434' title='bbox 1050 4634 1109 4690; x_wconf 88' lang='grc' dir='ltr'><em>τοῖς</em></span> <span class='ocrx_word' id='word_1_435' title='bbox 1126 4630 1314 4697; x_wconf 81' lang='grc' dir='ltr'><em>βουλομένοις</em></span> <span class='ocrx_word' id='word_1_436' title='bbox 1332 4633 1371 4687; x_wconf 86' lang='lat' dir='ltr'><em>V²</em></span> <span class='ocrx_word' id='word_1_437' title='bbox 1389 4637 1458 4690; x_wconf 56' lang='lat' dir='ltr'><em>&amp;R</em></span> 
     </span>
    </p>
   </div>
   <div class='ocr_carea' id='block_1_5' title="bbox 0 0 1896 5508">
    <p class='ocr_par' dir='ltr' id='par_1_5' title="bbox 0 0 1896 5508">
     <span class='ocr_line' id='line_1_41' title="bbox 0 0 1896 5508; baseline 0 0"><span class='ocrx_word' id='word_1_438' title='bbox 0 0 1896 5508; x_wconf 95' lang='lat' dir='ltr'><em> </em></span> 
     </span>
    </p>
   </div>
  </div>
 </body>
</html>
