3728 5508
956 474 1091 530 Eusebius

428 637 624 722 ἀπόστολος
646 632 740 711 οῦτω
762 667 839 722 πως
860 641 926 729 ἔφη
951 645 1022 711 εδει
1040 636 1105 728 γάρ
1125 633 1232 709 αῦτόν
1254 635 1495 724 βασιλεύεινὲ
1495 667 1544 721 ως
1566 634 1679 727 ἀνθῇ

429 740 511 824 τοῦς
533 738 676 829 ἰχθροῦς
698 735 806 813 αάτου
790 734 1022 812 ῦποπόδιον
1043 745 1118 811 τῶν
1137 743 1259 811 ποδῶν
1273 732 1409 810 αῦτοῦι.
1447 733 1574 811 οάκοῦν
1595 731 1679 827 όρον

429 867 506 911 τινα
527 840 613 927 ἔχειν
634 834 768 910 δοκεῖ
747 867 768 929 η
790 838 878 910 κατά
900 837 1101 960 ἄνθρωπον
1119 833 1226 909 αῦτοῦ
1249 839 1426 927 οἰκονομία
1448 865 1486 908 τε
1511 843 1568 909 καί
1589 847 1679 923 βασι-

427 946 510 1012 λεία.
553 933 652 1010 οῦδὲν
672 936 737 1028 γάρ
760 939 878 1028 ἕτερον
899 931 1101 1022 βούλεται
1078 942 1220 1026 ητοῦτο
1240 933 1282 1006 τὸ
1304 931 1372 1008 ῦπό
1395 942 1458 1009 τοῦ
1479 931 1679 1010 ἀποστόλου

426 1040 536 1162 ῥηθὲν
565 1038 647 1120 »ἕως
670 1033 713 1109 ἀν
743 1044 790 1126 θῇ
820 1037 902 1120 τοῦς
931 1036 1076 1127 ἐχθροὺς
1102 1033 1209 1109 αάτοῦ
1235 1031 1430 1108 ῦποπόδιον
1450 1042 1525 1109 τῶν
1546 1041 1678 1121 ποδῶν,

428 1135 564 1211 αῦτοῦι.
598 1132 724 1209 οῦκοῦν
738 1136 877 1209 ἐπειδάν
898 1138 980 1220 τοῦς
997 1136 1141 1226 ἐχθροῦς
1160 1143 1223 1224 σχῇ
1244 1131 1438 1208 ῦποπόδιον
1460 1142 1536 1207 τῶν
1557 1141 1678 1208 ποδῶν
1713 1153 1733 1208 9

428 1234 541 1311 οάκέτι
562 1234 673 1326 χρῄζει
695 1242 757 1326 τῆς
786 1241 825 1308 ἰν
853 1244 945 1327 μέρει
974 1234 1102 1328 ταύτης
1131 1240 1314 1323 βασιλείας,
1345 1231 1492 1307 πάντων
1521 1233 1678 1309 καθόλου

427 1336 579 1424 βασιλεὺς
600 1332 778 1425 ῦπάργων·
801 1334 1058 1427 Ισυμβασιλεῦει
1079 1334 1143 1426 γάρ
1169 1342 1239 1426 »τῷ
1261 1341 1334 1426 θεῷ
1356 1341 1412 1407 καί
1432 1343 1567 1423 πατρίι,
1595 1325 1636 1408 06
1658 1329 1739 1407 6⁵2

429 1433 529 1526 λόγος
550 1428 593 1526 ήν
614 1463 652 1508 τε
672 1441 729 1507 καί
743 1440 844 1508 ἐστίν
880 1433 1010 1509 οῦδὲ
972 1464 1037 1527 γαρ
1052 1431 1157 1517 αῦτός
1170 1430 1250 1507 καθ’
1273 1430 1432 1508 ίαυτόνό
1455 1431 1594 1525 λόγος’
1572 1434 1679 1524 αρχήν
1698 1445 1734 1499 10

428 1544 595 1625 βασιλείας
616 1539 766 1655 είληφεν,
786 1529 896 1606 ἀλλΗ
877 1565 896 1606 0
917 1530 1151 1624 ἀπατηθείς
1130 1534 1198 1607 υπὸ
1221 1562 1286 1606 του
1269 1531 1469 1619 ’διαβόλου
1490 1534 1680 1623 ἄνθρωπος

429 1636 547 1708 διὰ
505 1664 567 1725 της
589 1640 652 1707 τοῦ
673 1630 777 1723 λόγου
798 1631 972 1725 δυνάμεως
992 1633 1146 1720 βασιλεὺς
1167 1639 1314 1723 γέγονεν,
1336 1637 1391 1706 ἰνα
1411 1634 1566 1719 βασιλεὺς
1585 1630 1680 1723 γενό-

428 1763 529 1826 μενος
549 1731 614 1806 τόν
635 1729 808 1854 πρότερον
823 1728 1047 1823 ἀπατήσαντα
1068 1731 1189 1823 νικήση
1211 1730 1380 1818 διάβολον.
1423 1733 1478 1805 διὰ
1500 1739 1608 1806 τοῦτο
1622 1740 1679 1803 καὶ

428 1838 462 1907 αί
477 1831 617 1922 Πράξεις
639 1840 714 1905 τῶν
735 1828 943 1906 ἀποστόλων
962 1841 1040 1924 περὶ
1062 1838 1127 1905 τοῦ
1147 1829 1341 1922 ἀνθρώπου
1362 1829 1500 1918 τοῦτου,
1527 1827 1569 1903 όν
1591 1830 1679 1904 ἀνεί-

429 1927 572 2024 ληφενό
588 1961 651 2006 του
635 1937 751 2005 ’θεοῦ
772 1929 874 2023 λόγος
894 1940 951 2004 καί
973 1928 1204 2022 ἀνειληφῶςί
1207 1961 1226 2003 ν
1248 1937 1339 2025 δεξιᾷ
1354 1936 1418 2003 τοῦ
1431 1931 1563 2022 πατρὸς
1576 1939 1678 2004 καθέ·

430 2045 531 2122 ζεται,
559 2025 672 2114 οῦτως
693 2028 907 2105 διδάσκουσιν
928 2024 1145 2122 λέγουσαι
1108 2060 1169 2103 »ov
1191 2035 1241 2101 δεῖ
1261 2026 1412 2118 οῦρανόν
1433 2037 1496 2121 μὲν
1517 2037 1679 2119 δέξασθαι

429 2133 505 2223 ἄχρι
525 2129 662 2221 χρόνων
683 2127 1023 2214 ἀποκαταστάσεωςι.
1065 2139 1122 2203 καί
1143 2121 1245 2203 αῦται
1267 2127 1383 2219 ῶσπερ
1409 2123 1495 2220 όρον
1521 2130 1600 2203 τινὰ
1620 2139 1678 2202 καί

429 2240 642 2322 προθεσμίαν
662 2235 719 2304 472
736 2225 905 2320 όρίζουσαι
927 2222 1012 2302 ἰν
985 2258 1079 2322 ῳπερ
1100 2227 1263 2320 προσήκει
1285 2231 1351 2319 τήν
1371 2228 1459 2301 κατά
1481 2228 1677 2318 ἄνθρωπον

430 2337 628 2419 οἰκονομίαν
650 2326 807 2419 ἡνῶσθαι
828 2338 880 2421 τῷ
903 2327 995 2419 λόγῳ
1018 2323 1112 2451 οὕτω
1128 2336 1291 2419 λέγουσιν.
1325 2336 1360 2401 τί
1381 2327 1445 2419 γάρ
1468 2331 1587 2417 ἕτερον
1601 2329 1678 2415 βοό-
1696 2345 1729 2397 11

430 2442 525 2503 λεται
545 2427 588 2502 τό
613 2427 707 2518 εάχρι
727 2428 863 2518 χρόνων
885 2425 1225 2514 ἀποκαταστάσεωςι,
1247 2456 1268 2517 η
1251 2424 1396 2501 αἰωνα
1410 2436 1580 2518 μέλλοντα
1598 2427 1679 2519 ήμιν

430 2539 616 2623 σημαίνειν,
647 2532 684 2600 ἰν
714 2520 817 2618 ρόδεῑ
840 2526 955 2601 πάντα
980 2534 1042 2619 τῆς
1068 2536 1198 2611 τελείας
1218 2546 1331 2618 τυχεῖν
1352 2523 1679 2614 ἀποκαταστάσεως·

431 2637 461 2702 εἰ
482 2639 602 2703 τοίνυν
622 2634 660 2701 ἐν
681 2634 733 2718 τῶ
733 2635 862 2747 ’καιρῷ
885 2634 948 2717 τῆς
968 2624 1279 2712 ἀποκαταστάσεως
1300 2623 1469 2700 ἀπάντων
1490 2635 1546 2701 καί
1569 2625 1680 2720 αῦτήν

431 2729 497 2822 τήν
516 2737 627 2801 κτίσιν
648 2732 749 2800 ἰκ’
707 2756 769 2816 της
795 2734 949 2810 δουλείας
974 2728 1085 2810 εἰς
1046 2756 1113 2818 την
1138 2732 1336 2817 ἐλευθερίαν
1361 2725 1680 2819 μεταβληθήσεσθαι

432 2825 639 2911 όΠαῦλος”
624 2855 688 2916 εφη
711 2832 812 2915 (λέγει
832 2825 896 2917 γάρ
913 2821 987 2900 »ότι
1004 2834 1058 2898 καί
1083 2823 1168 2949 6616
1191 2824 1212 2918 6
1233 2835 1340 2910 κτίσις
1361 2826 1679 2918 ἐλευθερωθήσεται

432 2925 500 3001 ἀπὸ
523 2933 584 3017 τῆς
605 2933 759 3010 δουλείας
781 2932 842 3015 τῆς
864 2933 1001 3015 φθοράς
1022 2933 1069 3009 εἰς
1089 2927 1156 3017 τήν
1176 2929 1373 3016 ἐλευθερίαν
1399 2931 1461 3048 τίης
1483 2924 1583 3017 δόξης
1602 2934 1679 3001 τῶν

316 3038 324 3062 ‘
430 3033 565 3099 τέκνων
579 3055 643 3098 του
627 3031 764 3112 θεοῦ),
786 3031 862 3109 πῶς
877 3029 927 3099 ἔτι
942 3026 1009 3117 τήν
1030 3054 1094 3098 του
1078 3024 1241 3101 δούλου
1257 3023 1405 3116 μορφήν,
1427 3022 1472 3115 ήν
1493 3020 1680 3116 ἀνείληφεν
1698 3039 1733 3091 12

431 3123 450 3200 6
472 3123 584 3216 λόγος,
605 3124 742 3216 μορφήν
764 3117 869 3198 οῦσαν
884 3124 1018 3209 δούλου,
1041 3145 1190 3199 συνεῖναι
1204 3132 1256 3217 τῷ
1276 3121 1369 3216 λόγῳ
1384 3123 1535 3197 δυνατόν
1553 3122 1679 3214 γένοιτ’

430 3226 490 3311 ἀν,·
525 3232 644 3313 σαφῶς
666 3221 695 3297 δ’
718 3217 781 3297 οῦν
802 3232 858 3295 καί
888 3223 1071 3315 διαρρήδην
1097 3229 1135 3296 ἰν
1161 3231 1276 3310 βραχεῖ
1301 3252 1369 3296 τινι
1394 3220 1511 3315 χρόνῳ
1541 3232 1615 3297 τῶν
1641 3254 1680 3297 τε

429 3320 724 3413 παρεληλυθότων
753 3330 810 3396 καί
841 3329 915 3393 τῶν
944 3320 1145 3413 μελλόντων
1181 3321 1321 3395 αἰῶνων
1352 3322 1419 3413 τήν
1449 3323 1539 3395 κατὰ
1572 3322 1680 3413 σάρκα

429 3429 629 3512 οἰκονομίαν
650 3428 714 3495 τοῦ
734 3419 841 3512 λόγου
861 3418 903 3493 δι’
919 3418 1004 3512 ήμάς
1019 3428 1220 3513 γεγενῆσθαι
1235 3428 1446 3512 συμβέβηκεν.
1477 3432 1535 3495 καί
1549 3422 1681 3515 ταύτην

430 3520 545 3608 ῶσπερ
566 3518 674 3611 ἀρχὴν
696 3515 809 3606 οότως
830 3529 887 3593 καί
912 3528 1011 3606 τέλος
1033 3524 1118 3609 ἕξειν
1140 3515 1160 3593 ό
1181 3527 1362 3605 θεσπέσιος
1384 3525 1517 3613 εἰρηκεν
1532 3528 1680 3607 Παῦλος,

453 3743 468 3798 l
488 3742 503 3796 I
520 3740 586 3798 Kor.
604 3745 644 3804 15,
662 3744 696 3798 25
717 3771 751 3781 -
768 3741 787 3797 5
809 3742 822 3794 Ι
840 3742 903 3796 Kor.
924 3745 963 3808 15,
982 3743 1015 3797 25
1033 3771 1066 3782 -
1088 3741 1136 3797 81
1154 3741 1218 3797 Kor.
1238 3743 1277 3804 15,
1296 3741 1330 3796 21
1347 3771 1380 3780 -
1400 3742 1472 3798 1οΙ
1487 3744 1543 3813 vgl.
1563 3743 1610 3798 Nr.
1630 3747 1683 3802 100

366 3875 399 3885 -
419 3844 457 3900 15
476 3845 536 3898 Act
553 3846 579 3911 3,
597 3842 629 3896 21
647 3871 680 3881 -
700 3843 738 3897 Ῑθ
757 3844 817 3895 Act.
835 3842 859 3906 3,
878 3843 910 3896 21
929 3868 963 3882 »-
981 3843 1021 3899 22
1038 3842 1115 3898 Rom.
1133 3843 1158 3908 8.
1176 3843 1209 3897 21
1227 3871 1261 3881 -
1279 3842 1341 3899 251
1357 3841 1428 3896 Phil.
1447 3844 1472 3911 2,
1490 3846 1505 3898 7

450 4044 548 4114 εοερ
566 4041 613 4096 Mo
630 4044 684 4096 εει
702 4042 726 4095 v
752 4042 757 4109 ι
786 4041 822 4097 ιε
846 4038 970 4111 ιορανει
988 4042 1042 4111 μιν
1065 4042 1128 4099 and.
1147 4043 1184 4097 ει.
1202 4039 1257 4111 μιν
1273 4029 1389 4099 θεῶν
1416 4044 1420 4112 ι
1449 4045 1487 4101 ιι
1512 4042 1597 4101 τοτα
1615 4064 1644 4100 m

367 4146 406 4202 10
433 4140 524 4199 αἰῶνα
546 4141 689 4211 μέλλοντα
707 4141 760 4196 We
787 4137 820 4196 ὃν
842 4134 943 4210 ἔμελεν
961 4144 1012 4213 V2,
1034 4143 1079 4195 22
1097 4144 1138 4197 V*
1163 4144 1168 4212 Ι
1195 4144 1234 4199 21
1261 4141 1290 4199 εἰ
1305 4144 1368 4199 and.
1386 4146 1425 4200 st.
1444 4141 1505 4215 6¹V
1531 4148 1536 4214 Ι
1563 4147 1680 4205 21-25

364 4251 516 4316 καιρῷ-
541 4245 591 4299 καί
617 4242 737 4297 6166.
759 4260 961 4297 naum*
1002 4240 1261 4309 ἀποκαταστάσεως
1287 4241 1345 4301 ἀπο
1387 4265 1679 4298 ακοντισαι

366 4365 384 4395 ε
411 4365 446 4413 ην
471 4345 523 4412 τήν
547 4343 638 4399 κτίσιν
667 4339 774 4411 ἐκτῆς
798 4343 1229 4398 munuum*
1275 4341 1442 4418 ἐλευθερίαν
1477 4346 1551 4415 μετὰ
1593 4367 1679 4397 τοι

367 4462 587 4495 uum*
615 4438 1151 4513 όπαῦλοςέφη,λίκκεεααιι
1176 4447 1249 4500 atV
1275 4447 1280 4515 Ι
1306 4441 1684 4518 25ἔτιΜοίἕστιῊ2δί

366 4537 471 4614 γένοιτ’
487 4538 524 4599 ἰὶν
550 4551 650 4613 σαφῶς
667 4543 731 4600 and.
757 4543 797 4601 st.
823 4563 869 4615 γε
885 4565 902 4594 ε
919 4565 936 4595 υ
953 4565 969 4595 ε
986 4565 1003 4595 ε
1019 4567 1036 4598 α
1067 4548 1171 4615 φῶςίί
1197 4549 1202 4615 1
1230 4548 1267 4603 27
1296 4539 1383 4619 δὀὗν]
1412 4556 1483 4619 γοῦν
1512 4549 1577 4604 ωδ.
1604 4550 1643 4607 st

367 4644 407 4700 22
438 4643 641 4716 συμβεβηκέναι
659 4644 723 4699 and.
741 4645 779 4700 86
