3728 5508
678 461 775 515 contra
791 460 952 515 Marcellum
971 462 982 513 I
1001 464 1025 516 1.
1473 472 1490 530 7

180 612 231 709 ἦν,
255 626 284 691 εἰ
306 620 352 710 μὴ
376 621 570 708 ἄνθρωπος,
593 624 727 710 προτών
750 615 849 706 αὖθις
872 621 1021 711 διεσάφει
1041 630 1151 713 λέγων
1168 622 1245 696 »ὅτε
1261 632 1296 697 δέ
1311 623 1491 714 εὐδόκησεν

180 717 306 804 δθεὸς
330 718 348 793 ὁ
371 719 535 810 ἀφορίσας
556 751 595 811 με
617 726 654 793 ἐκ
674 728 804 806 κοιλίας
825 720 952 812 μητρός
978 751 1045 813 μου
1073 721 1289 812 ἀποκαλύψαι
1321 723 1383 796 τὸν
1413 724 1491 796 υίὸν

180 817 289 893 αῦτοῦ
312 825 350 892 ἐν
372 827 474 911 έμοίι.
506 816 587 914 ὁρᾷς
608 830 684 906 πῶς
706 821 782 894 υίὸν
803 830 889 896 θεοῦ
911 832 1029 910 σαφιῦς
1051 821 1231 913 ἀνηγόρευε
1256 825 1320 896 τὸν
1342 831 1489 914 σωτῆρα,

178 927 233 991 καί
256 920 314 992 διὰ
337 928 443 993 τοῦτο
466 921 559 994 θεόν.
601 930 656 993 καὶ
688 916 742 993 ὅτι
772 951 808 1011 γε
835 922 903 1013 πρὸ
930 930 992 1013 τῆς
1016 922 1183 1014 ἐνσάρκου
1209 932 1394 1012 παρουσίας
1415 924 1491 996 υίόν
1508 945 1541 997 27

146 1015 288 1091 θαῦτὸν
313 1028 377 1093 τοῦ
399 1028 484 1095 θεοῦ
506 1016 592 1094 ὄντα
614 1020 798 1113 ἠπίστατο,
820 1020 1017 1114 τρανότατα
1038 1031 1242 1114 παρίστησιν
1265 1026 1433 1112 ἐπιλέγων
1455 1027 1491 1093 ἐν

179 1128 220 1209 τῇ
242 1118 333 1209 αὐτῇ
360 1121 447 1209 πρὸς
469 1120 627 1204 Γαλάτας
657 1127 819 1211 ἐπιστολῇ
853 1118 929 1194 »ὅτε
961 1129 996 1194 δὲ
1028 1116 1135 1213 ἦλθεν
1156 1124 1197 1195 τὸ
1228 1121 1398 1213 πλήρωμα
1429 1130 1491 1194 τοῦ

178 1217 315 1308 χρόνου,
338 1225 573 1307 ἐξαπέστειλεν
594 1218 613 1294 ὁ
635 1220 717 1305 θεὸς
739 1221 802 1294 τὸν
825 1222 899 1294 υίόν
914 1219 1029 1308 αῦτοῦ,
1052 1222 1233 1313 γενόμενον
1248 1228 1285 1295 ἐκ
1304 1220 1491 1312 γυναικόςι.

179 1317 308 1392 οῦκοῦν
331 1318 372 1392 οῦ
394 1328 470 1403 νῦν,
501 1316 589 1393 ἀλλὰ
610 1318 735 1409 πρίνῆ
763 1328 919 1411 γενέσθαι
947 1327 985 1394 ἐκ
1011 1321 1182 1413 γυναικός,
1212 1324 1289 1396 υίόν
1320 1318 1405 1394 ὄντα
1435 1331 1490 1394 καὶ

178 1417 337 1507 προόντα
359 1416 597 1492 άπέστειλενδ
625 1420 753 1511 πατήρ
790 1419 838 1505 ως
869 1420 911 1493 ἀν
942 1418 961 1493 ό
987 1420 1094 1494 πάλαι
1123 1424 1197 1505 υίὸς
1228 1431 1312 1494 θεοῦ
1337 1432 1393 1493 καὶ
1419 1422 1491 1505 υίὸς

131 1528 162 1580 10
178 1515 375 1607 ἀνθρώπου
396 1527 543 1609 γένοιτο,
566 1517 746 1610 γενόμενος
770 1526 825 1593 »ἐκ
841 1518 1028 1610 γυναικόςι.
1059 1519 1145 1594 ἀλλὰ
1160 1531 1215 1592 καὶ
1230 1531 1369 1612 μεσίτην
1384 1519 1492 1593 αῦτόν
1509 1534 1542 1587 28

178 1625 241 1690 τοῦ
264 1626 419 1706 Μωσέως
441 1619 549 1709 νόμου
576 1629 733 1709 γενέσθαι
759 1619 921 1705 διδάσκει,
953 1628 1113 1709 διορίζων
1144 1621 1207 1694 τὸν
1237 1630 1297 1711 τῆς
1328 1629 1491 1711 μεσιτείας

179 1716 286 1808 λόγον
309 1715 351 1791 δι’
375 1712 426 1790 οῦν
448 1745 552 1810 φησιν
577 1729 629 1791 »τί
651 1714 728 1805 οῦν;
751 1717 770 1793 δ
794 1718 898 1809 νόμος
920 1729 992 1792 των
1015 1718 1239 1808 παραβάσεων
1260 1719 1357 1811 χάριν
1379 1726 1491 1810 ἐτέθη,

179 1817 255 1908 ἄχρι
287 1818 331 1890 ἂν
362 1823 447 1908 ἔλθη
479 1820 520 1891 τὸ
543 1827 671 1910 σπέρμα
698 1813 727 1910 ηῦ
754 1820 971 1913 ἐπήγγελται,
1003 1829 1168 1910 διαταγεὶς
1200 1818 1240 1892 δι’
1272 1820 1425 1909 ἀγγέλων
1455 1825 1492 1892 ἐν

177 1927 261 2006 χειρί
285 1926 432 2008 μεσίτου.
476 1916 553 1991 ὁδί
573 1928 707 2010 μεσίτης
734 1920 810 2004 ἑνὸς
841 1918 902 1993 οῦκ
929 1925 1034 2004 ἐστιν,
1067 1916 1085 1993 ό
1117 1926 1152 1992 δὲ
1183 1921 1263 2004 θεὸς
1294 1921 1339 2003 είς
1370 1926 1492 1992 ἐστινι.

132 2028 162 2079 ¹5
179 2016 314 2103 ἀκούεις
328 2015 433 2101 ,ὅπως
455 2024 493 2090 ἐν
514 2017 692 2103 τοῦτοεςό
720 2017 914 2104 ἀπόστολος
939 2019 1093 2105 Γαλάτας
1124 2018 1248 2103 αάτυύς
1278 2025 1425 2106 ἐδίδαξεν
1457 2026 1492 2105 ἐξ

178 2122 312 2192 ἐκείνου
328 2120 386 2190 ἕνα
402 2118 498 2208 <τὸν>
518 2118 604 2190 θεὸν
618 2126 751 2199 εἰδέναι,
773 2127 828 2189 καὶ
844 2119 902 2190 ἐνα
919 2119 980 2190 τὸν
994 2127 1132 2210 μεσίτην
1154 2127 1239 2192 θεοῦ
1253 2126 1308 2191 καί
1330 2115 1492 2213 ἀγγέλων.
1509 2132 1542 2185 29

178 2212 197 2287 ῦ
220 2218 262 2309 δὴ
285 2226 341 2291 καί
365 2223 401 2290 ἐν
423 2220 550 2307 ἑτέροις
572 2218 694 2309 ἐδήλου
719 2226 830 2306 λέγων
849 2228 853 2306 Ι
876 2220 940 2301 »είς
962 2218 1024 2308 γάρ
1047 2215 1066 2289 ό
1089 2217 1183 2303 θεός·
1210 2218 1259 2303 είς
1280 2228 1334 2290 καὶ
1356 2228 1491 2309 μεσίτης
1523 2233 1541 2289 8

178 2325 265 2390 θεοῦ
286 2326 344 2390 καί
360 2316 571 2407 ἀνθρώπων,
595 2319 783 2406 ἄνθρωπος
797 2316 918 2407 Ἰησοῦς
935 2317 1110 2406 Χριστόςι.
1142 2315 1216 2390 ἀλλ’
1240 2315 1297 2391 ὅτε
1311 2327 1372 2409 μὲν
1390 2327 1492 2392 »θεοῦ

178 2425 233 2488 καί
256 2415 480 2508 ἀνθρώπων(
504 2427 644 2508 μεσίτην
666 2415 773 2489 αὐτὸν
796 2416 982 2505 ω’νόμαζεν,
1007 2418 1148 2501 εἰκότως
1170 2418 1362 2507 ἄνθρωπον
1385 2417 1491 2490 αῦτὸν

131 2524 161 2577 20
178 2518 231 2589 διὰ
254 2518 323 2609 τὴν
345 2518 610 2608 ἐνανθροόπησιν
631 2515 754 2589 ἐκάλει·
785 2512 843 2589 ὅτε
876 2525 911 2590 δέ
938 2516 979 2591 οῦ
1003 2528 1141 2608 μεσίτην
1174 2525 1256 2589 θεοῦ
1276 2526 1332 2589 καὶ
1354 2514 1490 2607 ἀνθρω-

176 2646 265 2701 πων,
293 2617 381 2690 ἀλλά
402 2624 488 2690 θεοῦ
509 2626 566 2688 καί
588 2613 742 2707 ἀγγέλων
769 2616 832 2689 τὸν
858 2616 965 2689 αῦτὸν
988 2622 1130 2707 εἰσῆγεν,
1159 2613 1269 2690 οὐκέτ’
1299 2617 1491 2706 ἄνθρωπον

179 2713 368 2807 ὠνόμαζεν,
393 2714 502 2805 μόνον
528 2723 564 2787 δὲ
585 2725 725 2806 μεσίτην
757 2726 873 2805 φησίν,
905 2716 969 2788 τόν
998 2715 1103 2807 νόμον
1134 2715 1352 2806 διατετάχθαι
1383 2718 1491 2786 εἰπών

180 2814 239 2886 »δι’
263 2814 421 2906 ἀγγέλων
442 2821 478 2888 ἐν
500 2823 583 2905 χειρὶ
604 2824 777 2905 μεσίτουι,
805 2822 958 2903 διαιρέσει
986 2845 1023 2886 τε
1044 2814 1237 2906 ἀναγκαίως
1259 2816 1383 2889 τὸτοῦ
1404 2824 1489 2904 μεσί-
1508 2832 1542 2885 30

178 2945 240 2987 του
264 2910 374 3005 ὄνομα
397 2923 575 3004 διασαφῶν
597 2922 635 2988 ἐν
656 2924 707 3004 τηῦ
732 2922 840 3005 λέγειν
864 2911 901 2986 »ὁ
924 2920 959 2986 δὲ
980 2924 1114 3005 μεσίτης
1144 2917 1221 3000 ἑνὸς
1247 2914 1310 2989 οῦκ
1337 2920 1441 3000 ἔστιν,
1470 2911 1489 2985 ὁ

131 3022 161 3077 25
178 3020 212 3085 δὲ
233 3015 320 3099 θεὸς
342 3014 390 3097 είς
412 3020 533 3086 ἐστινι.
565 3008 643 3087 οῦτε
665 3015 730 3103 ἀρα
752 3012 770 3087 ὁ
793 3015 874 3098 θεὸς
896 3020 946 3105 εἰη
965 3021 1023 3089 32*
1038 3014 1080 3087 ἀν
1102 3012 1121 3087 ὁ
1142 3023 1277 3105 μεσίτης
1299 3022 1405 3101 (τίνος
1427 3015 1489 3103 γάρ

176 3122 230 3185 καί
258 3112 383 3205 γένοιτ’
405 3112 447 3185 ἀν
469 3120 629 3204 μεσίτης,·)
653 3110 733 3187 οῦτε
755 3111 773 3185 ό
795 3124 931 3205 μεσίτης
953 3112 1056 3198 αῦτὸς
1079 3112 1202 3201 [αὐτὸς]
1227 3112 1269 3185 άν
1290 3121 1340 3203 εἰη
1360 3111 1489 3196 ὁθεός·

180 3210 233 3286 ιδ»
261 3215 325 3304 γάρ
351 3223 503 3304 «μεσίτης
526 3211 813 3296 ένὸςοῦκέστινι.
848 3211 985 3286 δυεῑνδ
1008 3214 1348 3304 άραμέσοςέστηκεν.
1380 3223 1489 3284 τίνων
1506 3227 1537 3279 31

178 3314 327 3398 τούτων,
351 3322 509 3401 διασαφεῖ
529 3310 690 3402 ἀγγέλους
712 3310 889 3400 ὀνομάζων
910 3321 966 3384 καί
993 3313 1056 3384 τὸν
1078 3313 1175 3386 θεόν·
1208 3306 1258 3383 τόν
1279 3320 1381 3400 μέσον
1403 3308 1488 3384 ὄντα

178 3413 240 3485 τὸν
263 3415 340 3486 υίὸν
362 3423 425 3486 τοῦ
445 3420 530 3486 θεοῦ
562 3417 619 3499 [ἐκ]
651 3412 714 3483 τὸν
745 3412 852 3501 νόμον
880 3420 964 3502 χειρί
991 3420 1052 3503 μὲν
1082 3420 1149 3504 ἰδίᾳ
1179 3418 1352 3502 εἰληφέναι
1384 3421 1488 3502 φησὶν

132 3525 162 3578 30
177 3512 270 3601 παρὰ
292 3519 357 3585 τοῦ
378 3511 524 3603 πατρός,
558 3510 618 3584 »δι’
648 3509 819 3602 ἀγγέλων(
846 3519 881 3584 δέ
904 3519 954 3601 τῷ
977 3513 1107 3603 πρώτῳ
1142 3519 1372 3601 διατεταχέναι
1405 3519 1488 3601 λαῷ.

178 3603 218 3700 ἧν
241 3612 310 3701 ἀρα
332 3618 368 3700 ἐξ
389 3618 521 3685 ἐκείνου
543 3609 561 3684 ὁ
582 3612 653 3695 υίὸς
675 3621 810 3702 μεσίτης
832 3619 917 3684 θεοῦ
938 3641 976 3683 τε
1001 3619 1056 3683 καὶ
1084 3608 1251 3700 ἀγγέλων,
1283 3619 1364 3702 πρὶν
1394 3607 1416 3699 ἢ
1438 3640 1487 3700 γε·

178 3721 297 3784 νέσθαι
322 3722 473 3803 »μεσίτης
493 3718 578 3786 θεοῦ
599 3719 654 3781 καί
681 3709 910 3798 ἀνθρώπωνι.
953 3721 1008 3784 καὶ
1039 3703 1082 3800 ἦν
1112 3709 1173 3798 οῦχ
1204 3709 1252 3794 ως
1278 3710 1376 3798 ψιλὸς
1403 3717 1487 3781 θεοῦ
1504 3721 1537 3773 32

179 3811 294 3902 λόγος,
327 3809 577 3893 ἀνυπόστατος,
608 3814 645 3880 έν
674 3819 730 3881 καί
760 3807 889 3882 τοῦτὸν
914 3806 1077 3899 ῦπάρχων
1104 3818 1155 3900 τῷ
1183 3816 1255 3898 θεῷ
1284 3806 1337 3895 (οῦ
1359 3808 1421 3898 γάρ
1444 3806 1486 3879 ἀν

178 3917 224 4000 εἰη
250 3908 344 3984 οῦτω
368 3941 404 4001 γε
425 3917 586 4002 μεσίτης)·
609 3906 684 3981 ἀλλ’
707 3902 826 3999 ἦνκαὶ
848 3917 961 3999 προῆν
984 3914 1031 3992 ως
1049 3907 1253 3999 »μονογενὴς
1268 3906 1339 3990 υίὸς
1352 3904 1485 3997 πλήρης

132 4020 161 4073 35
176 4009 314 4101 χάριτος
336 4019 391 4082 καί
413 4010 604 4100 ἀληθείαςι.
647 4018 703 4081 καί
733 4003 778 4099 ἦν
804 4008 987 4098 μεσιτεῦων
1010 4016 1060 4098 τῷ
1088 4015 1192 4096 πατρί
1213 4012 1400 4096 παρέχοντι
1423 4006 1485 4078 τὸν

262 4183 513 4245 1Gal.1.15.16
539 4210 572 4219 -
601 4178 777 4246 θῦα1.4,4
802 4209 836 4218 -
865 4180 1063 4243 100a1.4,4
1088 4208 1122 4217 —
1149 4180 1187 4234 12
1211 4177 1313 4243 Ga1.3,
1334 4178 1425 4232 11120
1451 4208 1484 4216 -

178 4284 212 4340 17
232 4286 245 4339 I
263 4284 333 4339 Tim.
351 4285 375 4347 2,
394 4286 410 4339 5
428 4313 461 4321 -
480 4283 516 4337 18
533 4281 622 4336 ITim.
635 4283 734 4347 25-
756 4281 795 4337 28
814 4281 873 4335 Gal.
887 4283 954 4347 3‚19
975 4310 1007 4317 -
1029 4280 1069 4335 24
1082 4279 1142 4334 Gal.
1156 4280 1223 4342 3,20
1239 4308 1273 4317 -
1291 4279 1327 4333 27
1345 4278 1405 4332 Gal.
1417 4280 1484 4343 3,20

178 4414 208 4424 -
226 4387 262 4442 27
285 4385 341 4456 vgl.
360 4386 385 4439 S.
403 4386 429 4451 8,
446 4387 464 4439 4
481 4414 514 4423 -
532 4384 570 4439 20
589 4383 648 4437 Gal.
667 4386 691 4449 3,
712 4386 744 4439 19
761 4413 794 4421 -
813 4382 851 4438 82
871 4383 882 4434 Ι
900 4382 968 4435 Tim.
987 4384 1012 4444 2,
1030 4384 1045 4435 ὃ
1063 4412 1096 4419 -
1115 4379 1276 4443 84J0h.1‚
1297 4383 1328 4434 14

258 4533 396 4593 ίτοίτου
414 4533 466 4588 We
492 4535 497 4602 1
525 4534 563 4589 λθ
582 4527 632 4588 τὸν
651 4551 678 4587 m
704 4536 709 4601 Ι
736 4530 872 4603 ἀγγέλων]
900 4528 1084 4604 ἀνθρώπων2
1111 4530 1157 4584 Μο
1184 4530 1189 4597 Ι
1217 4530 1253 4584 21
1282 4523 1370 4585 αὐτὸν
1393 4530 1437 4584 tib.
1457 4531 1482 4583 d.

177 4637 201 4691 Z.
219 4638 255 4692 V¹
283 4640 287 4707 Ι
315 4637 355 4692 26
375 4628 463 4701 αάτδς
480 4638 526 4689 ε1ε.
545 4635 581 4688 Kl
608 4636 612 4703 1
644 4637 683 4691 22
702 4631 734 4689 ἐκ
751 4643 816 4703 <g
841 4635 846 4703 Ι
873 4635 913 4689 θθ
931 4629 1037 4707 πρώτῳ
1055 4652 1081 4686 m
1100 4630 1196 4700 προ1ἰ
