3698 5510
367 480 407 541 92
952 473 1085 528 Eusebius

367 633 454 708 θεὸν
475 631 663 707 ἀποκαλῶν
684 641 739 706 καὶ
762 632 923 726 ἀγγέλους
945 631 1137 724 ὀνομάζων,
1159 636 1286 724 μεταξύ
1307 634 1372 707 τόν
1392 643 1533 725 μεσίτην
1555 633 1676 724 εἰσάγει

368 740 477 824 λέγων
494 729 532 806 »ό
547 739 583 805 δέ
597 743 733 825 μεσίτης
746 742 802 810 59*
816 735 893 819 ἑνός
913 733 976 807 οῦκ
991 739 1113 807 ἐστινι.
1135 728 1177 826 ἦν
1192 734 1258 825 ἀρα
1272 743 1328 806 καὶ
1342 734 1409 823 πρὸ
1425 741 1486 825 τῆς
1501 738 1676 823 ἐνανθρω·

367 833 504 924 πήσεως
524 832 612 906 κατά
634 834 715 918 τοῦς
737 842 890 919 Μωσέως
908 832 1057 924 χρόνους
1077 834 1264 925 μεσιτεύων
1286 844 1329 925 τῇ
1352 842 1544 927 νομοθεσίᾳ.

450 932 502 1020 ιβ’.
532 941 588 1005 καὶ
614 932 767 1023 ἀρχιερέα
789 941 825 1006 δὲ
847 930 995 1006 αύτόνό
1022 931 1126 1019 αύτός
1157 932 1351 1018 ἀπόστολος
1380 931 1549 1007 ἀποκαλεῖ
1568 941 1675 1022 λέγων
1691 944 1723 999 66

333 1035 523 1122 ῦεέχοντες
555 1026 617 1105 οῦν
648 1030 801 1123 ἀρχιερέα
830 1042 935 1124 μέγαν
965 1031 1192 1124 διεληλυθότα
1223 1036 1305 1119 τοῦς
1336 1031 1517 1123 ούρανοῦς,
1552 1030 1677 1123 Ἰησοῦν

368 1133 430 1204 τόν
452 1131 527 1204 υίόν
549 1139 613 1205 τοῦ
634 1140 747 1204 θεοῦι.

451 1230 502 1321 ιγ’.
532 1228 574 1304 ού
599 1233 666 1324 μὴν
694 1228 780 1304 ἀλλά
809 1242 865 1304 καὶ
885 1231 1087 1324 ἀπαύγασμα
1118 1240 1179 1323 τῆς
1201 1232 1301 1325 δόξης
1322 1242 1379 1305 καί
1398 1239 1595 1324 χαρακτῆρα
1617 1239 1678 1304 τοῦ
1692 1247 1723 1302 67

369 1339 454 1404 θεοῦ
480 1338 534 1402 καὶ
557 1331 634 1404 υίόν
655 1337 711 1403 καὶ
733 1330 946 1423 κληρονόμον
973 1333 1036 1404 τόν
1062 1330 1169 1404 αὐτόν
1195 1336 1288 1406 οἰδεν
1308 1340 1419 1424 λέγων
1443 1328 1515 1404 »ἐπ’
1537 1330 1679 1421 ἐσχάτου

370 1438 442 1502 τῶν
464 1427 600 1520 ἡμερῶν
622 1429 761 1503 τούτων
781 1429 944 1521 ἐλάλησεν
965 1429 1044 1521 ἡμῖν
1070 1437 1109 1504 ἐν
1129 1435 1207 1524 υἱῷ,
1239 1428 1281 1505 όν
1307 1436 1432 1523 ἔθηκεν
1460 1429 1679 1523 κληρονόμον

318 1545 352 1601 10
368 1527 531 1614 πάντων,
562 1527 607 1601 δι’
631 1522 672 1602 οῦ
692 1538 747 1602 καί
770 1536 925 1622 ἐποίησεν
957 1531 1037 1614 τοῦς
1067 1538 1206 1617 αἰῶνας·
1238 1527 1276 1617 ῦς
1305 1527 1358 1605 ἀνν
1388 1529 1590 1622 ἀπαύγασμα
1620 1537 1678 1620 τῆς

370 1629 470 1720 δόξης
499 1636 555 1701 καὶ
580 1630 753 1721 χαρακτὴρ
780 1638 842 1721 τῆς
867 1628 1089 1714 ἀποστάσεως
1111 1631 1246 1705 αύτοῦι.
1289 1640 1344 1704 καί
1371 1637 1523 1705 ἐνταῦθα
1554 1624 1678 1720 (ὥσπερ

370 1725 535 1819 ἀνωτέρω
557 1734 692 1818 ἐλέγετο
714 1740 791 1821 περὶ
814 1728 1003 1818 τοῦλόγου
1025 1729 1066 1803 τό
1093 1731 1225 1806 »πάντα
1247 1728 1292 1803 δι’
1316 1729 1423 1803 αύτοῦ
1436 1736 1604 1820 ἐγένετοτ,
1625 1736 1678 1801 καί

369 1835 447 1917 περὶ
477 1835 540 1901 τοῦ
571 1829 690 1917 φωτός
721 1829 761 1901 τό
795 1835 852 1903 »έν
883 1837 933 1921 τῷ
964 1829 1081 1925 κόσμῳ
1113 1828 1168 1925 ἦν,
1204 1839 1260 1903 καί
1291 1826 1310 1903 ό
1341 1827 1466 1921 κόσμος
1497 1825 1546 1901 δι’
1576 1825 1679 1901 αύτοῦ

370 1931 539 2018 ἐγένετοτ,
566 1935 622 1999 καὶ
643 1934 720 2017 περὶ
741 1925 846 2019 Ἰησοῦ
867 1938 1018 2020 Χριστοῦ
1040 1935 1081 2007 τό
1115 1931 1211 2024 »ἡμῖν
1242 1932 1288 2014 είς
1318 1929 1433 2020 κύριος
1454 1925 1580 2020 Ἰησοῦς
1603 1936 1677 2015 Χρι-

319 2042 353 2096 15
371 2024 463 2112 στός,
495 2025 542 2100 δι’
569 2019 611 2100 οῦ
643 2028 686 2100 τὰ
707 2025 856 2117 πάνται)
887 2038 951 2103 θέα
974 2026 1069 2118 όπως
1090 2039 1168 2123 περὶ
1190 2038 1253 2103 τοῦ
1275 2027 1381 2103 αύτοῦ
1403 2025 1532 2118 ὁμοίως
1553 2033 1677 2118 εἴρηται
1692 2043 1723 2097 68

371 2127 412 2198 τό
438 2125 501 2199 »δι’
525 2119 566 2201 οῦ
587 2136 644 2200 καὶ
666 2132 825 2218 ἐποίησεν
847 2129 928 2213 τοῦς
950 2137 1104 2216 αἰῶναςι.

454 2225 507 2298 ιδ.
537 2232 714 2317 ἐπιστῆσαι
741 2233 778 2298 δὲ
800 2226 863 2301 τόν
886 2237 969 2303 νοῦν
990 2236 1028 2302 ἐν
1051 2230 1186 2315 τούτοις
1214 2230 1325 2316 ἀξιον,
1357 2222 1454 2313 ὅπως
1485 2225 1676 2318 ιόνόμασται

372 2324 583 2415 ἀπαύγασμα·
606 2328 696 2416 οίμαι
718 2327 781 2416 γὰρ
804 2335 866 2419 τῆς
887 2334 925 2401 ἐκ
946 2338 1010 2402 τοῦ
1031 2329 1162 2417 πατρὸς
1184 2336 1247 2402 τοῦ
1268 2330 1343 2400 υἱοῦ
1365 2325 1555 2418 γεννήσεως
1576 2355 1677 2417 παρα-

372 2424 535 2498 στατικὸν
558 2426 645 2498 εἰναι
667 2425 730 2498 τὸν
751 2423 863 2515 λόγον.
906 2426 1073 2513 πολλάκις
1095 2430 1157 2519 γάρ
1180 2425 1424 2517 ὠνομασμένον
1444 2431 1522 2500 υἰοῦ
1542 2434 1597 2497 καί
1619 2432 1678 2496 τοῦ

320 2538 355 2594 20
372 2532 457 2598 θεοῦ
486 2525 616 2616 πατρὸς
645 2535 927 2615 χρηματίσαντος,
958 2533 1030 2617 <ίνα
1060 2529 1105 2619 μὴ
1137 2524 1404 2616 καταπεσόντες)
1436 2531 1493 2598 ἐπὶ
1520 2525 1582 2609 τός
1608 2532 1677 2596 τῶν

373 2624 474 2715 ζηόων
505 2631 646 2714 γενέσεις
676 2624 837 2699 τοιοῦτόν
867 2656 945 2700 τινα
977 2627 1110 2717 τρόπον
1138 2625 1381 2716 ἀπολάβοιμεν,
1417 2631 1472 2697 ἐπὶ
1505 2632 1568 2698 τοῦ
1598 2630 1677 2696 θεοῦ

371 2731 647 2817 θεοπρεπεστέρᾳ
668 2731 826 2815 κέχρηται
848 2726 954 2800 εἰκόνι
976 2723 995 2799 ό
1023 2724 1231 2811 ἀπόστολος,
1261 2731 1338 2815 περὶ
1368 2732 1430 2815 μὲν
1460 2732 1526 2796 τοῦ
1551 2722 1676 2810 πατρός
1691 2732 1721 2787 69

372 2825 482 2896 εἰπών
506 2832 600 2911 »φῶς
623 2830 730 2895 οἰκῶν
751 2822 974 2915 ἀπρόσιτονι,
1003 2827 1066 2899 τόν
1087 2833 1123 2917 δέ
1145 2824 1221 2897 υίόν
1247 2820 1446 2915 ἀπαύγασμα
1473 2831 1539 2897 τοῦ
1563 2850 1676 2908 πατρι-

371 2929 435 2994 κοῦ
456 2922 575 3009 φωτός
590 2917 795 3017 ὁρισάμενος,
819 2922 908 2997 ὥστε
923 2927 1009 2998 είναι
1023 2926 1065 2997 τό
1081 2923 1282 3017 ἀπαύγασμα
1298 2931 1445 3013 γέννημα
1460 2930 1525 2995 τοῦ
1538 2922 1676 3013 πρώτου

320 3039 353 3094 25
372 3019 505 3109 φωτός,
528 3020 571 3094 ού
591 3022 679 3094 κατὰ
702 3021 767 3113 την
789 3031 862 3097 τοῦν
884 3033 1029 3116 θνητῶν
1052 3024 1153 3116 ζῴων
1179 3022 1334 3096 ύποστάν
1362 3032 1508 3112 γένεσιν,
1535 3022 1621 3095 κατὰ
1642 3027 1675 3091 δε

371 3121 412 3191 τό
435 3124 543 3211 ῥηθὲν
569 3119 786 3212 παράδειγμα.
828 3120 970 3207 εἰκότως
1001 3117 1063 3197 οῦν
1087 3131 1143 3194 καί
1169 3120 1285 3194 εἰκόνα
1314 3120 1422 3195 αότόν
1448 3130 1453 3211 Ι
1485 3129 1567 3195 »τοῦ
1595 3125 1675 3192 θεοῦ
1690 3129 1725 3187 θί

370 3227 433 3292 τοῦ
454 3217 622 3309 ἀοράτου(
652 3218 830 3307 ἀποκαλεῖ,
859 3223 914 3296 διὰ
936 3222 976 3295 τό
1003 3229 1059 3295 »ἐν
1079 3231 1194 3312 μορφῇ
1217 3229 1318 3294 θεοῦ(
1343 3219 1521 3312 ύπάρχειν,
1547 3229 1603 3293 καί
1623 3218 1674 3289 διὰ

370 3319 411 3392 τό
437 3319 672 3411 »ἀπαύγασμαι
697 3321 783 3394 εἶναι
807 3329 880 3395 »καί
900 3329 1098 3413 χαρακτῆρα
1120 3330 1181 3413 τῆς
1202 3320 1451 3406 ύποστάσεωςι.
1495 3321 1550 3394 διὰ
1572 3325 1675 3392 ταῦτα
1690 3319 1719 3376 70

370 3418 433 3509 γάρ
448 3427 524 3508 περὶ
539 3417 646 3493 αύτοῦ
660 3418 804 3509 γράφων
820 3425 933 3511 ἔλεγεν
957 3416 1014 3506 »ός
1036 3428 1129 3495 ἐστιν
1144 3423 1247 3495 εἰκών
1261 3428 1325 3494 τοῦ
1339 3428 1424 3494 θεοῦ
1439 3428 1504 3495 τοῦ
1518 3417 1672 3508 ἀοράτου,

319 3533 353 3590 30
369 3516 595 3605 πρωτότοκος
622 3517 733 3609 πάσης
754 3526 910 3606 κτίσεως,
942 3518 998 3593 ότι
1029 3527 1065 3594 ἐν
1087 3519 1181 3612 αύτῷ
1205 3526 1346 3605 ἐκτίσθη
1368 3519 1412 3591 τό
1434 3517 1548 3592 πάντα
1577 3516 1618 3590 τά
1639 3521 1673 3588 ἐν

370 3614 529 3707 οῦρανοις
549 3629 607 3691 καί
630 3619 673 3691 τὰ
688 3625 743 3691 ἐπὶ
759 3626 820 3709 τῆς
835 3628 903 3711 γῆς,
927 3627 995 3694 εἴτε
1010 3617 1117 3711 όρατὰ
1141 3627 1209 3692 εἴτε
1227 3616 1367 3708 ἀόρατα,
1389 3625 1458 3692 εἴτε
1473 3617 1594 3708 θρόνοι
1609 3621 1671 3689 εἰτε

369 3715 567 3807 κυριότητες
581 3723 648 3790 εἰτε
663 3715 762 3807 ἀρχαὶ
783 3725 850 3791 εἰτε
873 3726 1032 3806 ἐξουσίαι·
1056 3721 1098 3793 τά
1120 3717 1235 3793 πάντα
1250 3716 1297 3790 δι’
1320 3717 1427 3792 αύτοῦ
1441 3728 1497 3791 καί
1513 3725 1558 3802 εἰς
1572 3714 1672 3788 αύτόν

369 3819 532 3888 ἔκτισται·
554 3824 609 3888 καί
631 3814 735 3901 αύτός
756 3822 849 3891 ἐστιν
870 3818 937 3909 πρό
960 3818 1104 3892 πάντων
1125 3826 1181 3892 καί
1197 3819 1272 3907 <τὰ>
1288 3816 1403 3889 πάντα
1425 3824 1464 3889 ἐν
1486 3815 1580 3907 αύτῷ
1601 3837 1670 3887 συν·

454 4038 472 4093 2
492 4037 631 4101 Ga1.3‚20
648 4067 682 4077 -
699 4037 718 4093 θ
736 4037 947 4104 flebr.4,14-
964 4041 983 4097 8
1000 4039 1179 4105 Hebr.1‚2.3
1196 4067 1229 4078 -
1248 4038 1286 4093 12
1305 4038 1367 4092 Joh.
1380 4043 1405 4106 1,
1422 4040 1482 4093 3-
1494 4035 1599 4094 Ῑθίοἰε
1609 4036 1670 4097 1,10

368 4168 401 4176 -
421 4139 459 4194 14
477 4139 489 4192 Ι
507 4139 572 4195 Kor.
589 4141 615 4201 8,
632 4139 649 4193 6
666 4168 700 4178 -
719 4140 757 4195 1⁶
774 4138 856 4194 Hebr.
874 4142 927 4201 1‚2
945 4170 978 4180 -
996 4140 1058 4196 201
1072 4139 1128 4210 τρὶ.
1147 4140 1237 4195 Nr.32
1259 4168 1292 4179 -
1317 4139 1357 4195 28
1375 4140 1387 4193 1
1405 4139 1475 4193 Tim.
1494 4140 1518 4206 6,
1535 4138 1568 4193 16
1584 4164 1616 4175 -
1632 4131 1668 4188 26

370 4240 576 4303 K01.1‚15-
599 4238 637 4295 27
657 4239 729 4294 Phil.
749 4241 773 4307 2,
792 4240 809 4295 6
830 4270 864 4279 -
890 4241 929 4298 28
951 4240 1111 4308 Hebr.1,3
1133 4271 1166 4280 -
1193 4241 1233 4297 29
1251 4241 1314 4296 Kol.
1333 4245 1357 4303 1.
1376 4241 1476 4296 15-17

453 4441 472 4496 4
491 4435 593 4495 ἐαυτὸν
602 4439 651 4503 V‘,
665 4456 733 4494 corr.
744 4440 783 4493 V²
796 4441 801 4507 l
816 4440 855 4496 20
870 4436 920 4496 ἵνα
932 4442 970 4509 μὴ
983 4458 1194 4506 καταπεσόντες
1206 4440 1241 4494 Κ]
1252 4442 1323 4495 nach
1333 4440 1379 4495 Mo
1389 4439 1570 4510 vgl.s.68,27.
1581 4436 1665 4501 93,14.

369 4542 479 4603 11214
510 4542 514 4608 1
547 4540 585 4595 21
614 4536 661 4595 ἐπί
682 4558 701 4610 g
723 4537 814 4596 a‘moV
846 4543 850 4608 Ι
883 4541 922 4596 25
949 4538 1112 4598 ὑποστάντα
1131 4543 1168 4609 V,
1197 4559 1264 4598 corr.
1283 4542 1319 4596 Kl
1352 4543 1357 4610 Ι
1390 4542 1430 4598 28
1456 4543 1617 4611 χαρακτῆρα
1640 4550 1665 4586 m

369 4643 517 4712 χαρακτὴρ
536 4641 560 4692 V
593 4644 597 4707 Ι
630 4641 669 4696 θθ
694 4642 744 4696 καί
761 4639 824 4709 (τὰ)
843 4639 937 4697 πάντα
956 4641 993 4695 Κ1
1011 4643 1065 4713 vgl.
1083 4644 1208 4713 Register
