3728 5508
344 511 385 573 35
926 500 1059 557 Eusebius

344 671 400 735 καί
420 668 470 736 ἔτι
490 671 623 754 μάλλον
645 671 750 737 τοῦτο
772 661 1010 752 κατασκευάζει
1032 660 1075 736 δι’
1089 656 1141 736 οόν
1162 669 1200 736 ἐν
1221 682 1294 746 τοῖς
1315 664 1390 755 ἑξῆς
1411 658 1505 737 ούτω
1527 660 1646 751 γράφει
1681 680 1699 733 7

407 769 541 851 (Ναθί)
572 764 696 855 τὸμὲν
721 756 783 836 σύν
812 763 889 851 πρό
919 773 1003 836 τῶν
1034 767 1197 838 αἰώνων
1228 760 1353 836 αύτόν
1385 768 1647 854 γεγεννῆσθαι

407 871 520 954 φῆσαι,
544 861 748 949 ἀκολούθως
770 871 935 954 εἰρηκέναι
951 871 1057 936 δοκεῖ·
1080 870 1227 955 γέννημα
1241 864 1304 953 γάρ
1325 862 1367 935 τό
1388 862 1565 953 προελθὸν
1583 869 1648 936 τοῦ

406 970 598 1053 προεμένου
619 974 769 1055 γίγνεται
790 961 930 1054 πατρός.
971 963 1122 1054 θάτερον
1144 961 1176 1036 δ’
1199 961 1312 1037 ούκέτι
1337 961 1440 1054 ύγιῶς
1465 959 1540 1036 οὐδ’
1562 959 1649 1035 εύσε·

406 1071 476 1148 θῶς
498 1061 592 1154 αύτῷ
613 1073 850 1155 παρείληπται.
893 1064 934 1137 τὸ
965 1064 1029 1153 γὰρ
1049 1071 1105 1138 41’
1126 1063 1172 1153 μή
1203 1062 1308 1153 λόγον
1338 1067 1422 1136 είναι
1452 1069 1556 1153 φήσαι
1586 1061 1650 1134 τόν
1683 1083 1703 1138 8

407 1167 443 1248 ἐξ
407 1159 571 1235 ἐαύτοῦ
592 1162 812 1252 προελθόντα
832 1173 887 1237 καὶ
910 1169 1040 1283 τοῦτον
1054 1166 1140 1236 εἶναι
1160 1162 1225 1237 τόν
1246 1170 1308 1255 τῆς
1328 1162 1517 1255 γεννήσεως
1535 1160 1650 1252 ἀληθῆ

408 1261 553 1349 τρόπον
585 1261 659 1337 ἀλλ’
682 1260 802 1349 ἀπλῶς
822 1262 912 1336 υίόν
930 1260 1071 1354 μόνον,
1102 1265 1247 1354 ἐμφασίν
1276 1293 1354 1336 τινα
1376 1283 1449 1346 τοὶς
1470 1259 1651 1336 ἀκούουσιν

408 1359 633 1453 ἀνθρωπίνης
654 1357 769 1451 ὄφεως
789 1365 948 1453 παρέχειν
968 1366 1101 1435 είωθεν.

344 1468 400 1535 καὶ
422 1466 459 1534 ἐν
480 1461 618 1547 τούτοις
638 1469 700 1552 μέν
680 1470 827 1584 νγυμνῇ
849 1469 893 1553 τῇ
913 1470 1046 1552 κεφαλῇ
1069 1466 1132 1536 τόν
1152 1470 1213 1554 μὲν
1233 1460 1356 1536 υίόν’
1335 1461 1516 1555 ηρνήσατο,
1546 1461 1652 1549 φιλόν

295 1568 329 1624 10
346 1567 382 1633 δέ
404 1559 510 1652 λόγον
532 1560 646 1651 οόσπερ
678 1561 754 1634 τινά
784 1561 1038 1650 προστακτικὸν
1068 1570 1143 1634 τῶν
1171 1569 1345 1654 ποιητέων
1375 1560 1520 1651 εἰσάγων
1549 1559 1653 1651 δῆλός

346 1666 437 1734 ἐστιν
459 1654 544 1749 ἐξ
516 1693 568 1734 ων
590 1666 739 1749 ἐπιφέρει
761 1666 872 1752 λέγων

408 1766 477 1849 (Nr.
493 1770 545 1847 41)
569 1756 610 1833 όν
632 1755 724 1833 οότω
745 1768 848 1834 πᾶσαι
870 1765 904 1832 αί
925 1773 1016 1834 θεῖαι
1037 1760 1263 1853 κηρύττουσιν
1286 1769 1421 1850 γραφαί.
1455 1767 1567 1833 Δαυίδ
1590 1767 1652 1849 μὲν
1687 1777 1722 1845 9,

409 1862 471 1951 γὰρ
494 1889 570 1950 περι
593 1857 700 1933 αύτοῦ
720 1866 810 1984 λέγει
835 1869 903 1952 »τῷ
926 1860 1020 1954 λόγῳ
1034 1869 1153 1951 κυρίου
1167 1891 1200 1934 οι
1188 1859 1353 1952 ούρανοὶ
1367 1862 1652 1951 ἐστερεώθησανι,

409 1953 509 2043 αύθίς
536 1988 573 2031 τε
603 1956 656 2049 <ό>
686 1957 790 2045 αύτός
815 1932 1069 2049 »ἐξάπέστειλεν
1097 1960 1162 2034 τόν
1192 1959 1297 2051 λόγον
1328 1957 1434 2033 αύτου
1418 1967 1510 2031 καὶ
1532 1956 1654 2032 ίάσατο

410 2058 566 2144 αύτούςι.
610 2061 783 2150 Σολομοόν
805 2068 841 2134 δὲ
864 2060 1083 2153 εςητήσουσίν
1099 2090 1139 2153 με
1159 2068 1266 2147 κακοί,
1288 2068 1344 2133 καὶ
1366 2057 1427 2151 ούχ
1449 2056 1654 2150 εύρήσουσιν.

410 2165 569 2249 ἐμίσησαν
605 2158 668 2248 γάρ
703 2168 839 2247 σοφίαν,
877 2159 940 2235 τόν
976 2168 1013 2234 δε
1048 2159 1153 2251 λόγον
1187 2169 1307 2252 κυρίου
1342 2159 1383 2232 ού
1416 2168 1656 2249 προείλαντοι.

408 2253 540 2341 Ἡσαΐας
571 2285 609 2329 τε
641 2262 696 2330 »ἐκ
727 2258 789 2348 γὰρ
820 2262 916 2333 Σιοόν
947 2261 1170 2349 ἐξελεύσεται(
1203 2265 1268 2351 ἔφη
1302 2258 1437 2350 ενόμος,
1467 2267 1524 2331 καὶ
1552 2257 1656 2347 λόγος

410 2365 529 2447 κυρίου
557 2362 593 2445 ἐξ
613 2355 852 2451 Ἱερουσαλήμι.
893 2368 948 2433 καὶ
971 2355 1071 2444 αὖθις
1092 2358 1243 2450 Ἱερεμίας
1266 2357 1502 2450 »ᾐσχύνθησαν
1531 2364 1652 2446 σοφοί(
1674 2372 1707 2427 10

411 2463 515 2544 φησίν
540 2465 612 2528 »καὶ
634 2458 858 2549 ἐπτοήθησαν
880 2468 935 2531 καὶ
958 2458 1127 2545 ἑάλωσαν,
1158 2455 1214 2533 ότι
1244 2460 1307 2533 τόν
1329 2457 1433 2549 λόγον
1455 2464 1518 2530 τοῦ
1538 2463 1657 2546 κυρίου

410 2553 691 2645 ἀπεδοκίμασανι.
727 2567 783 2630 καὶ
804 2555 898 2648 Ὠσηὲ
920 2564 989 2649 <δέ>
1011 2555 1030 2631 6
1053 2557 1234 2651 προφήτης
1259 2564 1451 2649 »ἐμίσησανι
1477 2560 1575 2647 <έφη>
1600 2560 1657 2627 »ἐν

411 2655 535 2741 πύλαις
565 2661 761 2747 ἐλέγχοντα,
798 2665 852 2729 καὶ
885 2655 989 2748 λόγον
1020 2653 1116 2732 όσιον
1146 2659 1396 2746 ἐβδελύξαντοι.
1443 2663 1588 2745 Μιχαίας
1618 2685 1657 2728 τε

410 2751 537 2845 ὁμοίως
558 2765 614 2828 καὶ
636 2753 739 2841 αύτός
760 2764 836 2846 περὶ
858 2764 922 2830 τοῦ
948 2756 1052 2848 λόγου
1081 2757 1306 2849 μνημονεύων
1336 2762 1410 2846 (νέκ
1433 2757 1568 2846 Σιδινι>
1590 2756 1656 2845 ἐφη

414 2854 636 2942 »ἐξελεύσεται
659 2854 773 2947 νόμος,
795 2865 851 2928 καί
873 2855 975 2948 λόγος
996 2865 1115 2948 κυρίου
1135 2864 1171 2946 ἐξ
1190 2854 1428 2948 Ἱερουσαλήμι.

281 2950 285 2957 ’
349 2961 500 3028 τοσαῦτα
529 2954 685 3045 συνάγων
715 2963 792 3044 περὶ
823 2963 887 3029 τοῦ
915 2965 1169 3045 προστακτικοῦ
1205 2954 1310 3046 λόγου
1344 2955 1430 3047 ῥητὰ
1457 2953 1658 3045 Μάρκελλος
1676 2975 1708 3028 11

296 3058 331 3114 25
348 3051 513 3126 τοιοῦτόν
543 3083 620 3126 τινα
649 3056 735 3129 είναί
766 3080 870 3145 φησιν
897 3065 953 3127 καὶ
980 3055 1043 3129 τόν
1067 3060 1122 3128 »ἐν
1144 3053 1229 3147 ἀρχή
1251 3056 1338 3146 πρός
1360 3054 1424 3128 τόν
1446 3054 1547 3127 θεόν(
1572 3053 1657 3125 θεόν

349 3151 461 3242 λόγον.
502 3151 555 3225 διό
577 3151 692 3244 ἐπάγει
714 3153 856 3243 φάσκων

411 3257 480 3339 (Nr.
492 3261 546 3340 46)
568 3248 588 3325 6
610 3260 646 3325 δέ
667 3254 756 3344 ίερός
779 3252 973 3349 ἀπόστολός
994 3285 1031 3327 τε
1047 3262 1102 3327 καὶ
1116 3255 1274 3346 μαθητής
1288 3261 1352 3327 τοῦ
1366 3264 1484 3345 κυρίου
1497 3250 1658 3342 Ἰωάννης

411 3359 529 3439 σαφῶς
560 3359 647 3442 <καὶ>
680 3351 864 3443 διαρρήδην
893 3359 931 3425 ἐν
963 3351 1048 3444 ἀρχῇ
1078 3361 1142 3427 τοῦ
1172 3351 1368 3444 εὐαγγελίου
1395 3352 1579 3440 διδάσκων,
1609 3350 1659 3437 οός

412 3448 644 3539 ἀγνοούμενον
658 3457 696 3523 ἐν
710 3449 913 3539 ἀνθρώποις
927 3451 1109 3543 πρότερον,
1133 3451 1238 3543 λόγον
1259 3450 1367 3525 αύτόν
1388 3459 1452 3525 τοῦ
1465 3450 1658 3543 παντοκρά·

412 3577 513 3638 τορος
535 3545 729 3639 ὀνομάζων,
762 3544 874 3633 ούτως
893 3556 982 3673 Ιέφη
1007 3583 1020 3616 ν
1024 3556 1062 3623 ἐν
1083 3550 1169 3643 ἀρχῇ
1190 3546 1233 3643 ἢν
1255 3548 1274 3624 6
1273 3550 1413 3678 λόγος,
1435 3547 1533 3624 xaz‘
1513 3581 1533 3623 ο
1555 3549 1659 3639 λόγος
1677 3568 1714 3624 87

411 3641 454 3737 ἦν
474 3648 561 3737 πρὸς
584 3647 755 3735 τὸνθεόν,
777 3659 834 3721 καὶ
857 3649 939 3734 θεὸς
960 3644 1004 3740 ήν
1026 3648 1045 3724 6
1068 3649 1199 3742 λόγοςι.
1242 3650 1283 3725 ού
1303 3681 1362 3747 μια
1345 3657 1549 3744 ’μαρτυρία
1569 3651 1658 3740 χροό·

410 3776 511 3836 μενος
532 3747 599 3837 τὴν
621 3744 799 3837 ἀιδιότητα
820 3756 883 3822 τοῦ
905 3746 1010 3838 λόγου
1031 3759 1190 3841 σημαίνει

349 3852 404 3916 καί
425 3855 655 3937 προστίθησιν
677 3845 814 3930 τούτοις
835 3853 1001 3938 ἐπιλέγων
1023 3850 1098 3940 ἑξῆς
1677 3866 1709 3919 12

435 4065 1661 4137 18Ρε.32,6-14Ρε.106,20-1θΡτυτ.1,2θ2θ-17ίει.2,3-18

349 4164 446 4229 sens,
464 4167 531 4222 9-
549 4168 733 4235 2θΔιαοε5,
751 4170 835 4225 10-
853 4170 892 4224 22
911 4168 1131 4235 111ι1ιι,2-
1149 4171 1187 4227 25
1205 4171 1266 4228 Joh.
1286 4175 1310 4240 1,
1328 4174 1344 4227 1
1363 4202 1396 4211 -
1414 4171 1534 4228 εσσοιι.
1554 4175 1578 4237 1,
1599 4175 1614 4227 l

436 4365 475 4422 14
493 4361 510 4420 6
528 4357 615 4431 αὐτὸς
634 4361 843 4433 ’ἐξαπέστειλεν
861 4409 868 4426 .
885 4407 893 4422 .
911 4408 919 4421 .
936 4370 986 4424 καί
1003 4366 1120 4426 ίοίσατοι
1139 4371 1203 4428 and.
1221 4373 1259 4427 st„
1277 4370 1333 4441 ναί.
1353 4370 1434 4435 Lxx,
1453 4367 1540 4437 αδτδς
1557 4367 1661 4438 ἐξαπο-

351 4467 465 4521 στελεῖ.
485 4508 491 4520 .
510 4509 516 4521 .
535 4469 584 4522 καί
602 4465 713 4524 ίαίσεται
731 4470 756 4522 V
782 4471 787 4536 Ι
814 4469 853 4524 16
879 4469 1049 4540 προείλοντο
1068 4472 1107 4525 V²
1127 4490 1153 4527 α
1172 4471 1234 4527 and.
1253 4472 1292 4527 86
1318 4472 1324 4541 Ι
1352 4472 1391 4528 12
1418 4477 1470 4528 τοῦ
1488 4482 1520 4531 <
1538 4472 1604 4527 and.
1621 4472 1661 4527 St.

350 4581 376 4618 u.
403 4565 476 4620 Lxx
500 4569 504 4633 Ι
530 4568 568 4624 20
594 4564 671 4637 ὼσηὲ
696 4566 727 4624 δὲ
748 4568 811 4623 and.
830 4570 867 4623 St.
887 4561 975 4638 Ἄμὼς
996 4571 1037 4626 Ro
1062 4572 1067 4639 Ι
1098 4566 1151 4642 ἐφη
1174 4573 1237 4628 and.
1262 4572 1302 4626 st.
1328 4573 1333 4641 Ι
1360 4571 1400 4627 22
1427 4568 1461 4629 ἐκ
1487 4568 1568 4628 Σιὼν
1598 4571 1661 4627 and.

350 4665 389 4719 St.
408 4682 433 4721 u.
452 4666 525 4721 LXX
551 4670 555 4736 Ι
583 4669 620 4724 27
641 4662 669 4722 δ’
688 4670 726 4721 V²
751 4670 755 4736 Ι
782 4669 822 4725 28
837 4670 887 4724 καί
905 4671 967 4726 and.
986 4672 1024 4726 st.
