3728 5508
693 491 790 543 contre
806 488 967 544 Marcellum
984 490 996 543 I
1014 494 1038 547 3.
1466 500 1504 561 15

251 670 353 724 καῖον
375 656 412 722 ἐν
432 659 484 742 τῷ
499 649 649 738 παρόντι
663 660 901 741 μνημονεῦσαι,
923 691 941 723 ε
964 690 983 723 ε
1006 689 1025 723 ε
1049 650 1123 726 ἄλλ’
1137 651 1180 724 ἵν’
1197 659 1384 742 ἐλέγξωμεν
1398 650 1503 724 Ἀστέ-

251 779 340 838 ριον,
362 760 418 822 καὶ
440 747 509 823 άπὸ
532 758 607 823 τῶν
629 754 759 838 ἔξωθεν
781 750 888 825 αὐτόν
909 751 1126 843 μαθημάτων
1144 750 1257 825 εἰδότα
1279 760 1341 842 μὲν
1357 750 1504 843 άκριβῶς

253 852 297 923 τὸ
321 857 382 940 τῆς
403 859 585 941 παροιμίας
615 855 800 939 ἐξαίρετον,
832 859 870 924 ἐν
900 859 935 924 δὲ
966 860 1017 942 τῷ
1048 849 1196 941 παρόντι
1227 853 1368 942 άγνοιαν
1399 876 1503 940 προσ-

250 959 459 1041 ποιηθέντα,
492 955 547 1022 ίνα
578 950 619 1022 τὸ
651 953 774 1024 ἑαυτοῦ
804 952 955 1042 βούλημα
985 953 1039 1024 διά
1071 960 1132 1043 τῆς
1162 959 1225 1025 τοῦ
1251 954 1503 1041 παροιμιῶδσυς

253 1054 364 1139 ῥητοῦ
377 1049 528 1141 χρήσεως
549 1060 709 1133 πιθανῶς
730 1050 991 1140 κατασκευάζειν
1006 1049 1097 1141 δόξη.
1129 1055 1221 1123 ἔστιν
1237 1059 1272 1124 δὲ
1288 1058 1510 1120 ΓΛΑΓΚΟΓ

256 1159 419 1221 ΤΕΧΝΗ.
451 1150 577 1241 ταύτης
593 1154 626 1223 οἱ
649 1156 778 1237 ἔξωθεν
799 1161 901 1239 σοφοὶ
923 1159 985 1241 τῆς
1006 1162 1189 1242 παροιμίας
1210 1149 1503 1241 μνημονεύσαντες

252 1252 429 1340 διαφόρως
444 1248 552 1340 αὐτὴν
567 1251 783 1341 ἐξηγήσαντο.
801 1258 806 1340 Ι
826 1247 845 1323 ὁ
868 1252 1013 1342 μὲνγὰρ
1036 1250 1153 1325 αὐτῶν
1176 1281 1227 1334 τις
1249 1254 1323 1339 ἔφη,
1347 1246 1503 1321 Γλαῦκόν
1539 1254 1620 1322 51¹⁶

251 1381 334 1422 τινα
365 1349 574 1441 ἐπιστήμονα
604 1357 723 1440 τέχνης
754 1351 847 1434 τινός
878 1358 1079 1441 γεγονόταΙ
1108 1359 1252 1424 πολλῶν
1284 1343 1388 1422 οὖσαν
1419 1362 1502 1421 θαυ-

251 1449 486 1539 μασιωτάτην,
517 1446 750 1522 άπολέσθαι’
729 1443 796 1540 άμα
818 1455 937 1541 ἐκείνῳ
960 1453 1048 1523 κατὰ
1069 1449 1259 1531 θάλατταν,
1271 1448 1425 1568 ’μηδενός
1447 1479 1503 1519 πω

253 1549 481 1639 διακηκοότος
502 1548 615 1640 αύτης
659 1551 774 1638 ἕτερος
797 1557 840 1635 δέ,
863 1553 929 1641 τὴν
951 1549 1039 1622 ἐπ’”
1019 1579 1126 1637 ακρον
1145 1576 1306 1673 μουσικης
1328 1556 1503 1639 ἐμπειρίαν

250 1648 467 1739 μαρτυρήσας
483 1681 533 1740 τῳ
518 1649 706 1740 Γλαύκῳ
726 1680 807 1733 τους
821 1658 1160 1732 κατασκευασθέντας
1174 1680 1234 1721 υπ
1246 1648 1354 1722 αὐτου
1339 1656 1502 1733 δίσκους

251 1757 400 1839 χαλκοῦς
422 1776 526 1839 φησιν
547 1724 717 1837 τέσσαράς
746 1750 831 1837 πρὸς
853 1749 893 1822 τό
917 1755 1038 1841 ἐμμελῆ
1063 1779 1139 1822 τινα
1162 1756 1223 1838 τῆς
1244 1748 1414 1837 κρούσεως
1436 1749 1502 1839 τὴν

252 1859 457 1939 συμφωνίαν
479 1858 552 1921 τῶν
575 1847 744 1938 φθόγγων
760 1848 956 1923 άποτελειν·
993 1855 1094 1922 ἐνθεν
1116 1879 1153 1921 τε
1177 1784 1330 1938 είρῆσθαι
1353 1849 1417 1937 τὴν
1439 1878 1501 1919 πα-

253 1957 397 2039 ροιμίαν.
434 1950 537 2032 ἄλλος
552 1955 589 2020 δέ
611 1979 661 2031 τις
675 1948 905 2021 Ἀλυαττικῶν
920 1947 1154 2038 ἀναθημάτων
1176 1957 1280 2039 φησὶν
1302 1946 1501 2020 άνακεῑσθαι
1535 1951 1552 2003 6

251 2055 407 2139 κρατῆρα
442 2055 498 2120 καὶ
535 2045 789 2139 ύποκρατὴριον
823 2047 1027 2136 θαυμάσιον,
1061 2048 1216 2120 Γλαύκου
1246 2055 1334 2121 Χίου
1364 2057 1500 2138 ποίημα.

253 2153 369 2236 έτερος
391 2154 441 2231 δέ,
476 2154 631 2220 Γλαῦκον
661 2146 768 2219 αὐτόν
798 2147 977 2221 άναθεῑναι
1006 2156 1053 2232 είς
1076 2149 1225 2236 Δελφούς
1256 2154 1403 2236 τρίποδα
1423 2156 1501 2237 χαλ-

252 2255 348 2329 κοῦν,
372 2241 466 2318 odem
489 2245 780 2337 δημιουργήσαντα
802 2269 875 2331 τοῖς
896 2256 917 2333 †
938 2256 1073 2337 παχέως
1105 2278 1141 2319 τε
1170 2257 1389 2338 κρουομένου,
1421 2246 1501 2329 τούς

256 2375 294 2417 τε
315 2343 433 2429 πόδας,
456 2344 509 2434 ἐφ’
533 2339 584 2417 ῶν
605 2353 753 2436 βέβηκεν,
776 2356 831 2418 καὶ
856 2347 896 2419 τό
919 2349 991 2418 ἄνω
1013 2357 1244 2438 περικείμενον
1265 2356 1321 2419 καὶ
1344 2349 1409 2438 τὴν
1430 2373 1501 2418 στε-

254 2445 371 2535 φάνην
393 2447 458 2536 τὴν
480 2452 535 2519 ἐπὶ
560 2453 623 2517 τοῦ
645 2454 786 2534 λέβητος
807 2458 863 2519 καὶ
885 2449 946 2530 τὰς
973 2446 1118 2536 ῥάβδους
1140 2448 1195 2519 διὰ
1216 2454 1320 2536 μέσου
1343 2453 1500 2536 τεταγμέ-

255 2576 317 2630 νας
348 2553 558 2636 φθίγγεσθαι
590 2545 693 2634 λύρας
724 2555 833 2636 φωνῇ.
876 2556 931 2619 καί
962 2540 1063 2630 αὖθις
1094 2551 1220 2635 έτερσς,
1251 2544 1320 2618 άπὸ
1345 2547 1501 2617 Γλαύκου

254 2646 350 2728 τινὸς
372 2642 536 2731 δόξαντός
559 2677 592 2717 τι
613 2654 722 2718 πλέον
742 2653 964 2736 πεποιηκέναι
985 2653 1140 2737 εἰρῆσθαι
1163 2646 1227 2736 τὴν
1248 2653 1440 2735 παροιμίαν.

298 2741 388 2838 δρᾷς,
412 2740 506 2828 ὅπως
522 2745 562 2817 τό
578 2752 730 2835 δυσχερὲς
745 2753 805 2834 τῆς
820 2757 999 2836 παροιμίας
1019 2756 1074 2818 καί
1097 2746 1150 2820 διά
1173 2745 1299 2818 τούτου
1321 2752 1500 2821 δείκνυται,
1536 2755 1550 2806 7

254 2845 309 2916 διά
325 2853 388 2917 τοῦ
401 2852 484 2936 μηδὲ
505 2850 558 2916 ἐπὶ
583 2853 643 2935 τῆς
665 2844 769 2935 αὐτῆς
791 2848 964 2936 ἑρμηνείας
986 2854 1106 2936 στῆναι
1128 2847 1208 2930 τούς
1231 2845 1297 2935 τὴν
1318 2852 1501 2931 παροιμίαν

255 2943 387 3033 ταύτην
408 2944 633 3034 ἐξηγήσασθαι
655 2951 897 3034 βουληθέντας.
941 2940 1053 3030 ούτως
1076 2942 1276 3033 δυσεύρετόν
1298 2976 1332 3017 τι
1364 2952 1501 3034 πρᾶγμα

254 3044 297 3115 τό
319 3050 381 3133 τῆς
402 3053 581 3133 παροιμίας
603 3053 657 3115 καὶ
680 3046 770 3132 παρά
793 3064 865 3128 τοῖς
895 3049 1026 3132 ἔξωθεν
1047 3050 1131 3118 εἶναι
1155 3053 1254 3118 δοκεῖ.
1297 3044 1351 3116 διὸ
1373 3052 1429 3114 καί
1450 3073 1503 3124 τις

255 3152 329 3213 τῶν
343 3140 423 3231 παρ’
438 3141 554 3228 αύτσις
569 3153 690 3231 σοφῶν
706 3147 906 3234 συναγαγῶν
922 3147 982 3228 τὰς
997 3144 1064 3218 δπδ
1087 3153 1233 3218 πολλῶν
1253 3152 1309 3215 καὶ
1326 3141 1502 3230 διαφόρως

254 3249 429 3331 λεχθείσας
451 3251 639 3332 παροιμίας,
670 3251 716 3326 εἰς
739 3244 843 3329 αὐτάς
865 3254 1033 3336 γέγραφεν
1054 3250 1089 3332 ἐξ
1110 3252 1228 3331 βιβλία,
1262 3243 1322 3314 δύο
1345 3250 1406 3332 μὲν
1429 3250 1502 3312 τῶν

256 3347 474 3431 »ζίμΙμέτρων
499 3351 573 3414 τῶν
595 3351 630 3414 δὲ
653 3341 807 3432 άμέτρων
823 3352 975 3433 τέσσαρα.
1013 3345 1138 3426 ταύτας
1160 3351 1195 3414 δέ
1217 3351 1398 3432 παροιμίας
1414 3339 1499 3413 ιόνό·
1535 3356 1551 3405 8

256 3468 365 3531 μασαν
381 3445 413 3513 οἱ
429 3446 560 3527 ἔξωθεν
575 3440 615 3513 δι’
632 3442 732 3514 οὐδὲν
747 3446 872 3533 ἕτερον,
895 3451 966 3535 ἐμοὶ
988 3452 1109 3528 δοκεῖν,
1130 3442 1203 3516 ἀλλ’
1220 3443 1334 3533 ἐπειδὴ
1351 3463 1425 3525 ταῖς
1440 3449 1502 3514 τοῦ

256 3539 465 3627 σοφωτάτου
476 3550 891 3632 ΣολομῶνοςΠαροιμίαις
905 3542 1103 3633 ἐντυχόντες
1113 3554 1167 3615 καὶ
1178 3541 1318 3633 γνόντες
1328 3540 1369 3614 δι’
1386 3542 1502 3613 αὐτῶν

256 3635 311 3711 ὅτι
333 3638 432 3713 οὐδέν
454 3646 547 3713 ἐστιν
570 3648 607 3712 ἐκ
631 3651 694 3713 τοῦ
709 3654 889 3733 προχείρου
904 3652 1023 3732 σαφῶς
1039 3651 1112 3714 τῶν
1132 3648 1168 3714 ἐν
1183 3640 1300 3725 αύταῐς
1315 3648 1502 3732 εἰρημένων

255 3750 388 3828 μαθεῖν,
409 3749 464 3812 καί
481 3739 578 3813 αύτοὶ
595 3750 742 3832 ζηλῶσαι
757 3747 798 3815 τὸ
814 3744 1031 3834 προφητικὸν
1045 3749 1273 3830 βουληθέντες
1289 3740 1420 3831 γράμμα
1440 3740 1502 3812 τόν

254 3836 364 3911 αὐτόν
379 3845 499 3930 ἐκείνῳ
510 3839 693 3930 γεγράφασι
704 3841 843 3931 τρόπον.
865 3847 938 3916 είτα
954 3843 1001 3925 ῶς
1010 3851 1114 3933 μηδὲν
1126 3846 1245 3931 ἕτερον
1255 3836 1363 3930 ὄνομα
1378 3839 1500 3929 κυριοό-

256 3967 358 4025 τερον
372 3944 505 4011 ἐκείνου
515 3945 689 4031 ἐπινοῆσαι
700 3949 904 4031 δυνηθέντες
913 3951 968 4013 καὶ
984 3942 1110 4024 ταύτας
1119 3950 1299 4031 παροιμίας
1312 3938 1501 4030 ῶνόμασαν.

280 4161 295 4215 l
315 4182 332 4211 ιε
349 4182 365 4212 κ
383 4181 399 4211 ε
418 4161 470 4215 We
491 4164 495 4227 Ι
515 4155 576 4217 ἀλλ’
593 4164 639 4215 eir.
659 4162 847 4217 Schneidewin
862 4167 867 4227 Ι
880 4158 919 4217 ‘lv’
937 4163 976 4215 Vc
996 4157 1030 4233 ἦν
1049 4164 1089 4215 V*
1106 4164 1111 4231 Ι
1130 4162 1148 4216 2
1167 4161 1225 4229 καί]
1244 4161 1261 4214 l.
1274 4156 1335 4226 ὼςῖ
1359 4164 1363 4225 Ι
1387 4153 1501 4216 αύτῶνθ

192 4261 401 4330 Schneidewin!
421 4263 675 4335 4παροιμιωδῶςλ
694 4264 884 4319 Schneidewin
928 4266 946 4320 8
965 4264 1116 4334 γεγονότα]
1130 4272 1161 4327 -Ι-
1180 4269 1339 4332 ναιαγησαι
1356 4256 1430 4318 ίόστε
1449 4262 1501 4317 We

218 4364 341 4433 πολλῶν]
359 4366 456 4429 πολλῷ
476 4364 665 4419 Schneidewin
688 4366 720 4435 ίΙν
738 4369 851 4420 πολλῶν
869 4366 1005 4421 Heindorf
1017 4368 1020 4433 Ι
1042 4357 1113 4421 οὖσα
1132 4366 1155 4418 V
1180 4367 1184 4431 Ι
1210 4365 1248 4419 lc
1266 4358 1364 4435 άκρων
1382 4364 1415 4431 V,
1433 4382 1500 4420 corr.

193 4465 382 4519 Schneidewin
398 4468 402 4531 Ι
420 4466 457 4520 12
470 4464 612 4535 τέσσαρας
629 4488 645 4515 ε
663 4488 679 4515 ε
697 4470 737 4519 ελ
755 4468 867 4533 Weild
880 4464 1074 4533 ἀλεατιῶνν*,
1085 4465 1209 4533 corr.V²l
1223 4468 1257 4521 li
1269 4473 1329 4531 τοῖς
1338 4465 1451 4536 παγίως
1459 4468 1499 4535 τεΙ

192 4568 365 4633 θαυμαστῶς
375 4560 451 4623 ίίιστε
464 4567 600 4621 Heindorf
608 4574 647 4639 τῷ
666 4566 749 4637 πάχει
761 4562 836 4623 ὥστε
850 4568 977 4623 Peteviue
993 4572 996 4635 Ι
1015 4568 1049 4623 18
1058 4566 1107 4622 τδν
1118 4562 1178 4623 dvc>
1188 4568 1381 4636 περικείμενοι
1391 4567 1422 4635 V,
1432 4585 1500 4622 corr.

193 4667 383 4735 Heindcrsldl
403 4687 430 4723 τι
447 4686 475 4721 m
492 4686 534 4731 τις
552 4667 632 4725 vic?
644 4669 789 4739 γέγραφεν
805 4665 836 4735 ’ἐξ
846 4669 992 4725 GnNnuch
1010 4669 1219 4739 γεγραφέναιθ
1236 4671 1240 4737 Ι
1256 4671 1295 4725 28
1313 4668 1461 4738 ἐμμέτρων
1473 4688 1500 4723 m
