3674 5506
385 529 442 591 178
970 520 1102 576 Eusebius

382 682 543 773 ἐκάθητο,
564 693 620 755 καί
642 682 683 755 τὸ
706 685 829 773 ἔνδυμα
851 678 958 755 αύτοῦ
981 680 1101 755 λευκὸν
1116 679 1164 764 ὥς
1177 683 1272 770 χιοόν,
1294 679 1385 774 καλή
1407 691 1486 773 θρὶξ
1507 690 1567 775 τῆς
1584 713 1679 772 κεφα-

382 789 443 872 λής
473 779 579 855 αύτοῦ
610 780 689 854 ιύσεὶ
715 785 806 873 ἐ’ριον
836 779 1003 871 καθαρόν·
1046 777 1065 854 ό
1095 779 1225 872 θρόνος
1254 778 1361 855 αύτοῦ
1387 782 1475 871 φλόξ
1504 781 1620 871 πυρός,
1650 789 1679 855 σί

382 889 497 972 τροχοὶ
520 878 627 955 αύτοῦ
647 889 715 972 πῦρ
738 889 874 973 φλέγον.
916 881 1072 972 ποταμός
1093 880 1199 971 πυρὸς
1222 880 1332 954 εἷλκεν
1353 884 1546 974 ἐμπροσθεν
1568 880 1680 955 αύτοῦ·

380 991 483 1073 χίλιαι
503 979 649 1072 χιλιάδες
663 982 900 1071 ἐλειτούργουν
915 977 1020 1073 αύτῷ,
1042 990 1098 1053 καί
1111 981 1224 1071 μύριαι
1238 980 1394 1072 μυριάδες
1408 978 1681 1073 παρειστήκεισαν

347 1097 363 1149 5
381 1086 572 1173 ἔμπροσθεν
586 1080 704 1155 αύτοῦ·
725 1080 901 1173 κριτήριον
915 1080 1081 1166 ἐκάθισεν,
1103 1089 1159 1154 καὶ
1174 1089 1282 1168 βίβλοι
1303 1080 1556 1172 ἡνερόχθησανι,
1579 1088 1681 1153 ταῦτα

379 1179 658 1271 προθεασάμενος
673 1184 746 1272 ἑξῆς
761 1179 826 1253 τὸν
838 1180 916 1253 υἱὸν
930 1187 994 1254 τοῦ
1009 1178 1199 1269 άνθρσόπσυ
1221 1192 1347 1271 θεωρεῖ
1365 1187 1420 1253 ἐπὶ
1443 1188 1517 1252 τσῦν
1533 1188 1682 1269 νεφελῶν

380 1289 442 1353 τοῦ
465 1278 613 1371 ούρανοῦ
634 1279 824 1371 προσιόντα
846 1287 898 1371 τρῦ
919 1288 1056 1371 παλαιῷ
1079 1289 1152 1352 τῶν
1173 1279 1309 1370 ἡμερῶν
1334 1288 1390 1353 καί
1417 1281 1483 1372 τήν
1505 1280 1682 1369 ἄφθαρτρν

379 1391 550 1468 βασιλείαν
578 1378 837 1472 ύποδεχόμενον.
881 1377 1006 1453 οῦκοῦν
1036 1388 1091 1452 καὶ
1122 1377 1203 1452 τότε
1234 1377 1468 1469 διαφερόντως
1496 1388 1553 1450 καὶ
1580 1408 1680 1468 κρειτ-

381 1477 528 1570 τόνωςή
545 1486 607 1554 νῦν
623 1478 729 1570 ἀρχήν
743 1480 808 1567 ἕξει
830 1487 894 1552 τοῦ
915 1478 1102 1565 βασιλεύειν
1123 1487 1198 1552 τῶν
1220 1486 1281 1570 τῆς
1301 1480 1554 1570 μακαριότητος
1573 1477 1681 1565 ἀξίων.

330 1601 362 1655 10
381 1580 519 1663 τούτοις
533 1599 694 1670 μαρτυρεῖ
706 1578 748 1652 τῦ
764 1575 981 1669 Εύαχχὲλιον,
1003 1585 1041 1652 ἐν
1056 1578 1108 1663 οἷς
1124 1576 1226 1664 αύτῦς
1247 1585 1521 1670 ἐπισφραχίςεται
1537 1575 1556 1651 ό
1572 1579 1681 1668 σωτήρ
1698 1596 1723 1645 11

381 1682 442 1765 τάς
462 1678 679 1770 προφητικάς
701 1686 815 1766 λέξεις,
837 1678 919 1761 τοῦς
940 1687 1016 1767 περί
1038 1688 1230 1761 συντελείας
1252 1676 1372 1768 λόγους
1386 1679 1593 1769 παραδιδούς
1614 1698 1682 1759 τοῖς

380 1782 502 1852 ἑαυτοῦ
523 1790 694 1871 μαθηταῖς
716 1776 756 1851 δι’
773 1770 826 1850 τόν
848 1777 944 1850 ταῦτ’
963 1783 1133 1849 ἐδίδασκεν
1156 1785 1266 1867 λέγων
1290 1773 1395 1851 »ὅταν
1416 1784 1452 1850 δὲ
1473 1783 1561 1867 ἔλθη
1583 1774 1683 1858 ῦυίὸς

381 1888 444 1951 τοῦ
466 1875 658 1966 άνθροόπου
678 1881 716 1949 ἐν
738 1885 780 1966 τῇ
802 1876 883 1967 δόξη
906 1875 1012 1951 αύτοῦ
1033 1884 1090 1947 καί
1110 1876 1236 1962 πάντες
1263 1883 1295 1952 οἱ
1322 1878 1457 1968 άχγελοι
1479 1875 1553 1968 μετ’
1575 1875 1683 1949 αύτοῦ.

381 1979 460 2051 τότε
483 1987 616 2050 καθίσει
638 1984 693 2049 ἐπὶ
716 1974 846 2066 θρόνου
868 1974 967 2067 δόξης
981 1974 1099 2049 αύτοῦ·
1131 1985 1186 2048 καὶ
1201 1977 1474 2070 συναχθήσονται
1497 1981 1684 2067 ἔμπροσθεν

328 2099 361 2150 15
380 2076 487 2151 αὐτοῦ
508 2074 623 2150 πάντα
645 2076 688 2148 τά
712 2080 811 2167 ἔθνη,
841 2083 895 2148 καί
928 2074 1064 2165 άφοριεί
1088 2072 1212 2160 αύτούς
1234 2075 1292 2150 ἀπ’
1315 2075 1490 2168 άλλήλων,
1525 2076 1637 2164 ὥσπερ
1666 2073 1683 2145 ὁ

379 2177 507 2268 ποιμήν
531 2174 680 2265 άφσρίζει
702 2177 746 2248 τὰ
767 2174 924 2266 πρόβατα
945 2172 1013 2247 άπὸ
1044 2184 1118 2247 τῶν
1148 2181 1292 2266 ἐρίφων,
1322 2184 1378 2248 καὶ
1408 2174 1525 2267 στήσει
1556 2176 1598 2249 τά
1627 2183 1683 2266 μὲν

378 2274 535 2365 πρόβατα
556 2279 593 2346 ἐκ
615 2282 736 2362 δεξιῶν
758 2272 877 2359 αύτοῦ,
909 2276 952 2348 τά
983 2281 1018 2345 δὲ
1049 2280 1161 2363 ἐρίφια
1183 2279 1218 2361 ἐξ
1239 2274 1433 2365 εύωνύμων.
1477 2273 1559 2348 τότε
1581 2270 1682 2363 ἐρείὸ

379 2375 531 2462 βασιλεῦς
554 2395 627 2459 τοῖς
649 2380 686 2446 ἐκ
708 2381 830 2462 δεξιῶν
845 2371 964 2447 αύτοῦ·
987 2380 1083 2446 δεῦτε
1098 2380 1130 2446 οἱ
1146 2372 1361 2465 εύλογημένοι
1383 2384 1446 2449 τοῦ
1467 2371 1599 2464 πατρός
1613 2403 1682 2462 μου,

378 2472 657 2565 κληρονομήσατε
695 2474 760 2564 τήν
797 2471 1045 2565 ήτοιμασμένην
1080 2473 1159 2564 ύμῖν
1194 2484 1366 2559 βασιλείαν
1397 2474 1465 2548 άπὸ
1498 2480 1683 2562 καταβολῆς

327 2592 361 2647 20
378 2572 532 2663 κόσμου(
556 2584 559 2659 ί
580 2569 676 2659 όπως
698 2581 734 2646 δὲ
756 2581 864 2646 ταῦτα
886 2572 1020 2667 συνᾴδει
1051 2595 1123 2656 τοῖς
1152 2579 1190 2646 ἐν
1221 2583 1263 2664 τῇ
1289 2583 1481 2666 προφητείᾳ
1509 2583 1583 2663 περὶ
1606 2602 1683 2660 προ·
1702 2587 1750 2644 191

378 2671 496 2759 βάτων
516 2681 571 2744 καί
595 2681 691 2763 [περὶ]
713 2681 822 2761 κριων
843 2682 985 2761 κρίσεως
1006 2680 1191 2764 εἰρημένοις
1213 2672 1316 2764 τήρει,
1338 2682 1394 2744 καί
1417 2668 1515 2758 ὅπως
1536 2674 1684 2759 βασιλεὺς

378 2780 440 2862 μὲν
462 2769 480 2844 ό
502 2771 574 2855 υίὸς
596 2781 659 2844 τοῦ
680 2771 871 2861 άνθροόπου
891 2772 975 2861 μετὰ
999 2772 1062 2862 τήν
1084 2781 1158 2845 τῶν
1178 2773 1365 2860 προβάτων
1390 2782 1503 2862 κρίσιν
1530 2780 1682 2863 εἰσῆκται.

378 2872 491 2962 πατήρ
514 2879 549 2943 δὲ
571 2869 676 2943 αύτοῦ
698 2867 821 2956 ῦθεός.
858 2879 962 2944 τοῦτο
986 2871 1048 2961 γάρ
1069 2880 1125 2943 καί
1147 2871 1250 2956 αύτὸς
1265 2876 1436 2945 ἐδίδασκεν
1456 2876 1569 2945 είπδιν
1589 2869 1682 2943 »τότε
1700 2891 1728 2943 12

378 2977 447 3061 ἐρεῖ
466 2966 485 3043 ό
507 2972 659 3058 βασιλεύς
680 2988 753 3053 τοῖς
774 2975 812 3042 ἐκ
834 2978 955 3056 δεξιῶν
977 2968 1097 3055 αύτοῦ,
1129 2978 1222 3044 δεῦτε
1245 2976 1278 3044 οἱ
1301 2969 1520 3064 εύλογημένοι
1543 2979 1604 3045 τοῦ
1624 3001 1683 3042 πα·
1708 3035 1711 3041 ,

327 3088 361 3142 25
379 3070 459 3158 τρός
480 3099 575 3160 μου,«
610 3066 788 3159 άναλόχως
817 3078 869 3160 τῷ
896 3074 934 3141 ἐν
960 3078 1003 3159 τῇ
1024 3080 1215 3164 προφητείᾳ
1246 3069 1476 3163 ιύνομασμένῳ
1502 3079 1616 3157 Δαυίδ,
1646 3065 1684 3140 ῦν

378 3176 521 3260 ποιμένα
551 3178 606 3241 καὶ
637 3169 786 3258 ἄρχοντα
816 3173 950 3241 ἔσεσθαι
981 3178 1053 3241 τοῦν
1079 3169 1264 3259 προβάτων
1286 3166 1305 3243 ό
1328 3167 1430 3259 λόγος
1452 3170 1600 3245 διδάσκει
1620 3168 1683 3242 ύπό

378 3265 493 3359 ἐφόρῳ
516 3275 569 3358 τῷ
590 3275 662 3358 θεῷ
683 3276 852 3356 μέλλοντα
874 3279 1066 3358 ποιμαίνειν
1086 3279 1143 3341 καὶ
1165 3270 1279 3359 ἄρχειν
1301 3276 1374 3341 τῶν
1395 3278 1459 3342 τοῦ
1480 3280 1567 3344 θεοῦ
1588 3282 1682 3359 θρεμ-

377 3366 508 3457 μάτων.
549 3375 604 3438 καί
636 3372 753 3457 ἐκείνῳ
785 3373 820 3439 δὲ
851 3365 1036 3457 άναχκαῑον
1065 3375 1243 3460 ἐπιστήσαι
1267 3368 1329 3441 τὸν
1355 3377 1441 3442 νοῦν
1463 3368 1512 3453 οός
1535 3370 1575 3442 τὸ
1597 3367 1683 3455 παρὰ
1701 3385 1727 3439 13

379 3473 429 3556 τῷ
453 3464 639 3556 άποστόλρο
663 3474 862 3556 λελεγμένον
883 3474 921 3540 ἐν
943 3474 993 3557 τῷ
1025 3464 1130 3542 »όταν
1150 3467 1346 3560 καταργήσῃ
1367 3476 1483 3541 πᾶσαν
1506 3467 1611 3561 άρχήν
1631 3476 1682 3539 καὶ

327 3588 361 3640 30
378 3573 492 3638 πᾶσαν
521 3572 576 3639 91¹
590 3570 745 3653 ἐξουσίαν
765 3576 821 3638 καὶ
843 3565 1003 3657 δύναμιν(
1032 3565 1172 3657 ᾐνίξατο
1201 3568 1220 3659 ή
1242 3578 1436 3658 προφητεία
1458 3567 1592 3660 φήσασα
1616 3574 1682 3639 »καὶ

378 3663 515 3752 άφανιω
538 3673 641 3754 θηρία
662 3665 797 3756 πονηρά
818 3662 886 3738 άπὸ
910 3674 971 3757 τῆς
993 3674 1078 3757 γῆςι
1118 3678 1194 3740 τίνα
1218 3669 1280 3759 γάρ
1302 3667 1345 3740 όν
1367 3675 1502 3758 γένοιτο
1526 3668 1569 3740 τά
1584 3675 1683 3757 θηρία
1699 3688 1727 3738 11

379 3765 421 3836 τά
443 3762 549 3836 πάλαι
570 3761 743 3853 πρότερον
764 3784 837 3849 τοῖς
857 3765 1042 3852 προβάτοις
1073 3773 1316 3856 διενοχλοῦντα
1346 3764 1367 3857 ή
1399 3772 1431 3838 αἱ
1463 3764 1682 3858 άντικείμεναι

325 3346 342 3369 ἦ

379 3863 534 3954 δυνάμεις
541 3892 551 3949 ;
574 3856 625 3935 οῦν
641 3866 800 3936 ἐκποδών
814 3861 994 3953 άρθεισων,
1017 3865 1126 3955 πάσης
1147 3876 1265 3950 κακίας
1286 3874 1475 3957 καθαρθείς
1498 3864 1517 3937 ὁ
1539 3873 1615 3947 νέος
1631 3872 1682 3934 καὶ

377 3962 494 4045 καινὸς
523 3964 610 4034 αίών
641 3969 775 4047 βασιλέα
801 3972 862 4053 μὲν
890 3967 953 4050 ἕξει
981 3964 1044 4035 τὸν
1064 3965 1139 4037 υίὸν
1161 3972 1224 4037 τοῦ
1246 3962 1438 4054 άνθροόπου
1460 3962 1494 4054 (ἢ
1516 3964 1604 4037 κατὰ
1625 3963 1685 4053 τήν

327 4082 360 4136 35
378 4071 594 4152 προφητείαν
621 4067 911 4152 ἐπικεκρυμμένως
939 4068 1180 4155 αίνιττομένην
1211 4073 1355 4154 ποιμένα
1376 4073 1433 4138 καί
1454 4065 1605 4156 ἄρχοντα
1626 4063 1685 4133 τόν

464 4281 517 4336 611
540 4282 595 4351 vgl.
614 4282 685 4335 Dan.
706 4286 841 4339 7.13.14
869 4314 901 4321 -
931 4285 968 4340 12
996 4286 1096 4340 Matth.
1115 4287 1156 4352 25,
1175 4288 1275 4341 31—34
1298 4317 1331 4325 —
1354 4287 1394 4343 28
1420 4286 1520 4341 matth.
1539 4287 1580 4351 25,
1597 4288 1629 4339 34
1655 4312 1683 4320 -

377 4382 417 4437 29
436 4384 447 4435 Ι
467 4382 530 4436 Kor.
551 4385 590 4449 15,
609 4384 642 4437 24
662 4414 695 4423 —
714 4384 878 4453 1011ι.34,
897 4386 930 4440 25

464 4582 503 4636 10
521 4580 644 4652 τούτοις]
663 4584 681 4638 l.
699 4591 785 4640 τοῦτο
803 4584 854 4639 δέθ
877 4586 882 4651 Ι
915 4586 952 4640 21
973 4588 1038 4657 περὶ
1055 4587 1174 4660 κρίσεων
1192 4593 1281 4660 κριῶν
1299 4589 1331 4651 V,
1350 4606 1418 4644 corr.
1437 4588 1488 4644 We
1512 4590 1516 4656 Ι
1541 4587 1580 4644 28
1596 4582 1682 4642 ἐκεῖνο

379 4681 556 4748 1’,οοιι.1ί2
587 4684 592 4749 Ι
626 4684 664 4739 32
683 4684 829 4756 πρότερον
848 4703 880 4738 ιο
899 4686 967 4740 stu?
999 4689 1003 4755 Ι
1037 4688 1076 4743 84
1094 4686 1205 4754 κλεινός
1224 4689 1255 4756 V,
1275 4707 1342 4745 σοιν.
1361 4688 1617 4760 ΘενρΗίεςίείει
