3698 5510
342 496 382 559 68
927 491 1060 547 Eusebius

343 658 406 724 τοῦ
427 661 502 726 τῶν
524 646 620 726 ὅλοιν
640 662 726 725 θεοῦ
747 653 878 744 ταύτην
899 651 994 746 αύτῷ
1015 653 1079 775 τῆν
1095 661 1282 745 μαρτυρίαν
1295 657 1565 742 παρασχομένου,
1589 657 1653 723 τοῦ

343 779 381 823 τε
404 749 641 841 εὐαγγελιστοῦ
663 751 846 845 διαρρήδην
876 752 984 827 αύτὸν
1014 751 1091 826 υἰόν
1114 759 1283 845 μονογενῆ
1313 752 1399 825 εἰναι
1429 749 1653 835 διδάσκοντος
1767 824 1772 831 ,

342 848 387 922 δι’
412 844 463 922 τόν
484 854 549 943 ἔφη
574 852 677 925 »θεὸν
698 851 807 938 ούδείς
829 854 978 943 ἑώρακεν
999 855 1156 926 πσόποτε
1192 848 1558 943 ὁμονογενῆςυίὸςίῆ
1576 879 1652 941 »μο-

342 950 484 1040 νογενὴς
505 948 662 1077 θεὸς)
643 981 662 1024 ο
685 945 736 1025 ὢν
751 953 849 1036 εἰς
813 983 876 1026 τον
890 950 1024 1025 κόλπον
1039 959 1103 1028 τοῦ
1123 953 1264 1042 πατρός,
1285 958 1413 1036 ἐκεῖνος
1432 949 1652 1043 ἰξηγῆσατοι,

307 1048 429 1123 θόλλὰ
450 1059 505 1122 καὶ
527 1049 634 1124 αύτοῦ
655 1059 719 1124 τοῦ
740 1059 896 1141 σωτῆρος
922 1056 961 1124 ἰν
982 1071 1057 1135 ταῖς
1077 1060 1155 1140 περὶ
1177 1050 1283 1126 αύτου
1268 1057 1533 1136 διδασκαλίαις
1555 1048 1652 1123 ταῦτ

341 1156 680 1241 ίπισφραγιζομίνου,
713 1149 759 1223 δι’
791 1145 842 1224 οόν
863 1155 975 1240 ἔλεγεν
1006 1146 1136 1234 »οὕτως
1162 1152 1225 1241 γὰρ
1247 1148 1421 1242 ῆγόπησεν
1443 1147 1462 1223 5
1483 1149 1568 1234 θεὸς
1590 1150 1653 1223 τόν

340 1247 478 1338 κόσμον,
501 1249 590 1323 ὥστε
612 1250 678 1324 τόν
696 1252 773 1324 υἱὸν
794 1249 901 1325 αύτοῦ
922 1251 987 1324 τόν
1007 1258 1176 1342 μονογενῆ
1198 1254 1339 1335 ἔδωκεν,
1371 1255 1426 1323 ίνα
1457 1259 1525 1334 πᾶς
1557 1247 1576 1321 5
1601 1279 1652 1320 πι·

341 1349 474 1422 στεύων
504 1353 550 1435 είς
580 1348 688 1423 αύτὸν
715 1355 772 1440 ἔχη
795 1351 889 1442 ζωὴν
910 1352 1083 1436 αἰώνιονι,
1114 1345 1134 1422 5
1156 1351 1240 1439 μετὰ
1262 1348 1388 1433 ταύτας
1415 1360 1420 1435 Ι
1447 1350 1509 1433 τὰς
1532 1349 1652 1437 φωνὰς
1684 1361 1762 1429 6168

341 1450 487 1539 γενητόν
513 1456 548 1537 ἐξ
579 1447 640 1522 οῦκ
676 1445 793 1524 ὄντων
827 1459 883 1523 καί
911 1461 1033 1541 κτίσμα
1062 1457 1281 1541 προηγμένον
1310 1452 1348 1520 ίκ
1378 1456 1442 1522 τοῦ
1471 1449 1518 1540 μῆ
1550 1443 1652 1533 ὄντος

290 1563 323 1616 10
340 1549 405 1621 τὸν
426 1549 502 1621 υίὸν
523 1545 718 1640 ὁριζόμενος
744 1558 890 1642 λέληθεν
912 1543 1063 1641 τούνομα
1089 1554 1150 1638 μὲν
1171 1546 1267 1640 αύτῷ
1289 1548 1397 1638 μόνον
1422 1545 1651 1638 χαριζόμενος,

340 1648 382 1721 τό
405 1645 438 1719 δ’
462 1646 602 1740 ἀληθῶς
622 1649 700 1722 υἱόν
721 1649 806 1721 εἰναι
828 1648 1044 1738 ἀρνούμενος.
1088 1645 1107 1721 5
1129 1648 1192 1739 γὰρ
1214 1653 1250 1736 ἐξ
1275 1644 1338 1720 ούκ
1360 1642 1477 1721 ὄντων
1499 1650 1652 1739 γεγονώς

340 1745 402 1820 οῦκ
433 1744 497 1834 [51¹]
530 1746 674 1838 ἀληθῶς
703 1745 826 1839 γένοιτ’
854 1747 897 1822 ἰιν
918 1748 990 1833 υίὸς
1011 1755 1111 1833 θεοῦ,
1135 1742 1190 1820 ότι
1211 1755 1294 1839 μηδὲ
1317 1747 1402 1821 ἄλλο
1425 1777 1459 1819 τι
1482 1757 1559 1821 τῶν
1580 1775 1650 1837 γεν-

340 1877 464 1938 νητοον.

423 1954 464 2022 10
484 1943 559 2019 ὁδ’
581 1944 723 2037 ἀληθῶς
745 1947 816 2030 υίὸς
838 1955 902 2020 τοῦ
922 1955 1016 2033 θεοῦ,
1040 1952 1075 2036 ἐξ
1097 1943 1204 2020 αύτοῦ
1226 1941 1287 2019 ὅτε
1302 1946 1343 2037 55
1360 1943 1588 2034 ἰκπατρὸς’
1568 1975 1650 2018 απο·
1666 1959 1769 2020 θιιὸ
1736 1965 1807 2031 μόςιο

289 2060 320 2113 15
339 2052 484 2137 τεχθείς,
516 2043 659 2130 εἰκότως
689 2053 744 2118 καὶ
774 2048 959 2138 μονογενὴς
983 2045 1088 2121 καλ’
1067 2045 1243 2137 αγαπητὸς
1263 2044 1541 2136 χρηματίσειεν”
1521 2076 1565 2118 αν
1587 2075 1649 2118 του
1634 2028 1754 2171 ’ἐξὸωῦ
1767 2052 1807 2154 {2¹}

338 2143 482 2234 πατρός·
520 2139 613 2217 οῦτοι
635 2152 670 2219 δὲ
691 2154 748 2216 καὶ
769 2146 885 2231 θεὸς
874 2144 917 2219 ἂν
939 2153 1066 2237 εἴητί
1088 2148 1150 2239 γὰρ
1173 2145 1216 2219 ἂν
1235 2152 1371 2317 γὲένοιτο
1392 2152 1478 2218 θεοῦ
1500 2152 1649 2267 γέννημα
1664 2119 1806 2300 {5555ny

339 2242 377 2333 <5
399 2246 458 2335 τὸ)
480 2251 530 2335 τῷ
553 2244 769 2334 γεγεννηκότι
791 2243 1079 2370 5555500555015
1100 2255 1205 2335 κτίζει
1222 2251 1263 2336 μὲ
1265 2276 1285 2317 ν
1300 2237 1362 2317 οὖν
1376 2246 1532 2331 βασιλευς
1545 2244 1649 2319 πολιν
1664 2254 1746 2367 κςίθείέ
1754 2236 1807 2357 ²5²

339 2340 412 2417 ἀλλ’
436 2341 478 2417 ού
498 2351 600 2438 γεννᾷ
619 2342 730 2429 πόλιν,
754 2353 878 2434 γεννᾶν
900 2354 936 2419 δὲ
956 2343 1032 2418 υίόν
1052 2343 1128 2420 σῖλλ
1149 2344 1190 2418 ού
1211 2354 1338 2433 κτίζειν
1359 2351 1507 2437 λέγεται
1529 2353 1584 2417 καί
1607 2342 1646 2434 ΙόΙ
1662 2321 1798 2440 μοιοῆειῆς

338 2450 493 2534 τεχνίτης
522 2444 724 2535 δημιουργὸς
754 2442 827 2518 ἀλλ’
860 2443 933 2536 ούχὶ
962 2447 1075 2536 πατὴρ
1106 2441 1277 2536 γένοιτ’
1257 2476 1300 2518 αν
1330 2451 1395 2519 τοῦ
1423 2444 1513 2534 πρὸς
1543 2435 1718 2519 ‹15555223c
1731 2437 1804 2560 ίὲζίξ

286 2555 319 2612 20
337 2548 656 2635 δημιουργουμένου,
687 2551 752 2617 τοῦ
781 2541 814 2617 δ’
846 2541 1014 2632 ίξαύτοῦ
1040 2545 1170 2633 φύντος
1195 2549 1273 2618 υίοῦ
1295 2541 1357 2616 ούκ
1379 2542 1422 2615 όν
1444 2546 1646 2665 δημιουργὸς
1663 2503 1803 2646 “5555st

337 2647 483 2735 λεχθείη.
526 2649 582 2714 καί
609 2645 650 2735 δὴ
671 2640 772 2717 καλ
754 2676 773 2717 ο
795 2653 869 2717 τῶν
891 2640 985 2718 όλαιν
1006 2645 1088 2727 θεός
1115 2652 1178 2717 τοῦ
1199 2650 1261 2735 μὲν
1281 2648 1357 2716 υἰοῦ
1377 2642 1504 2767 πατῆρ,
1527 2674 1591 2719 του
1575 2650 1646 2715 δὲ

335 2738 462 2863 κόσμου
487 2743 672 2868 κτίστης”
652 2774 696 2816 αν
721 2742 862 2828 εἰκότως
886 2753 943 2816 καί
972 2745 1117 2835 ποιητὴς
1148 2750 1292 2834 λε’γοιτο
1336 2750 1365 2815 εἰ
1395 2740 1428 2814 δ’
1457 2736 1550 2831 ἅπαξ
1579 2772 1647 2816 που
1677 2758 1693 2814 2

335 2849 398 2930 τῆς
419 2849 552 2933 γραφῆς
573 2842 718 2933 εύρίσκοι
739 2874 792 2928 τις
819 2850 994 2934 εἰρημένον
1023 2843 1155 2932 »κύριος
1184 2846 1316 2916 ἔκτισίν
1346 2871 1385 2933 με
1414 2840 1524 2933 α’ρχῆν
1554 2839 1645 2915 ὁδῶν

335 2937 441 3012 αύτοῦ
473 2949 520 3025 εἰς
551 2946 631 3032 ἔργα
661 2940 801 3029 αῦτοῦι,
831 2942 895 3014 τόν
925 2950 1010 3014 νοῦν
1039 2949 1234 3015 ἐπισκοπεῖν
1262 2942 1326 3033 χρὴ
1359 2949 1423 3015 τοῦ
1453 2941 1575 3033 λόγου,
1606 2937 1646 3014 όν

283 3053 316 3106 25
333 3039 455 3128 μικρὸν
476 3035 621 3130 ύστερον
643 3039 839 3131 ἐκθήσομαι,
862 3040 948 3114 ἀλλὰ
969 3041 1013 3132 μὴ
1036 3042 1123 3113 κατὰ
1138 3039 1343 3130 Μάρκελλον
1365 3048 1402 3115 ἐκ
1424 3048 1503 3131 μιᾶς
1523 3048 1644 3128 λέξεως

334 3139 375 3211 τὸ
406 3140 621 3228 κυριεότατον
652 3148 713 3233 τῆς
742 3145 919 3232 ἐκκλησίας
948 3139 1193 3231 παρασαλεύειν
1228 3139 1344 3232 δόγμα.
1394 3137 1553 3225 κάκεῖνος
1582 3140 1642 3231 γὰρ

334 3233 424 3327 ἅπαξ
445 3237 592 3326 οἰκούσας
614 3238 719 3331 λόγον
741 3244 827 3314 εἰναι
850 3239 912 3312 τὸν
933 3237 1022 3326 υίόν,
1053 3246 1108 3313 ἐπὶ
1135 3239 1199 3312 τὸν
1224 3240 1416 3331 ἄνθρωπον
1437 3241 1642 3313 καταπεσών

333 3340 397 3429 τῆν
418 3335 564 3430 ῦπαρζιν
590 3339 706 3432 ῆθίτει
736 3339 850 3413 αὐτοῦ.
894 3334 935 3411 όν
966 3339 1007 3429 55
1037 3347 1092 3411 καὶ
1120 3338 1207 3429 πρὸς
1237 3336 1345 3413 αύτοῦ
1373 3347 1430 3412 καὶ
1460 3337 1549 3429 πρὸς
1578 3346 1639 3411 τοῦ
1670 3361 1686 3413 3

332 3439 463 3528 πατρὸς
484 3439 761 3530 μαρτυρούμενον
781 3443 866 3512 εἰναι
887 3438 963 3510 υίόν
984 3446 1059 3522 ποῦς
1089 3458 1162 3522 τοῖς
1192 3451 1327 3523 λοιποῖς
1354 3458 1512 3529 γενητοῖς
1534 3468 1639 3527 παρα-

280 3546 314 3601 30
331 3536 469 3621 βάλλειν
492 3532 607 3619 όσιον,·
635 3547 712 3623 πῶς
733 3536 766 3610 δ’
790 3544 882 3610 ἔσται
907 3539 1095 3627 μονογενὴς
1122 3547 1173 3629 τῷ
1200 3537 1328 3630 πλῆθει
1350 3548 1425 3611 τῶν
1445 3538 1639 3629 γεγονότων

331 3637 656 3728 συναριθμούμενος;
690 3647 745 3708 καὶ
776 3637 842 3728 μὴν
873 3644 908 3725 ίζ
938 3634 1042 3728 αύτῆς
1073 3645 1134 3728 τῆς
1164 3646 1393 3728 προσηγορίας
1425 3634 1443 3709 5
1475 3637 1548 3721 οἰός
1577 3637 1639 3727 τῆν

414 3857 510 3912 woh.
530 3860 552 3921 1.
572 3859 605 3913 18
625 3887 659 3896 —
686 3860 704 3914 δ
723 3857 784 3914 Joh.
803 3859 827 3925 3,
846 3859 879 3912 16
896 3888 929 3897 -
956 3857 1051 3914 8-26
1073 3858 1128 3927 vgl.
1147 3858 1273 3913 θοαιειίιοε
1295 3859 1321 3912 h.
1340 3876 1363 3913 ο.
1382 3860 1406 3924 2,
1425 3860 1470 3914 21:
1493 3852 1555 3915 εἶτα
1574 3856 1637 3926 (ng.

329 3960 354 4013 S.
373 3962 414 4025 57,
432 3960 527 4027 2-10)
553 3954 614 4028 μετ’
632 3956 714 4030 ὀλίγα
732 3956 818 4014 πάλιν
836 3956 975 4029 ἐπιφέρει·
1005 3954 1022 4012 δ
1044 3960 1140 4013 τοίνυν
1158 3958 1294 4030 γεννητόν
1312 3955 1343 4026 ἐξ
1359 3989 1393 3998 -
1411 3959 1513 4030 δόγμα.
1540 3988 1573 3998 -
1599 3956 1637 4013 28

328 4060 408 4115 Prov.
427 4062 452 4123 8,
470 4061 504 4114 22
526 4091 561 4100 -
589 4061 627 4117 25
645 4062 702 4131 vgl.
721 4060 755 4116 de
773 4059 839 4115 eccl.
857 4061 895 4114 th.
919 4059 1111 4127 111,2,8-16

415 4261 435 4316 δ
460 4259 478 4330 5
500 4262 659 4331 μονογενὴς
684 4257 753 4325 θεὸς
780 4262 825 4313 str.
853 4260 898 4315 Mo
939 4260 944 4327 Ι
985 4258 1245 4332 θπροηγούμενον
1271 4262 1344 4317 Socr.
1371 4261 1376 4328 Ι
1410 4261 1447 4316 ll
1475 4256 1537 4325 υἰδς
1564 4260 1633 4314 Soet.

332 4420 335 4429 ¹
371 4362 409 4417 12
439 4356 487 4416 διν1
505 4372 538 4421 <
556 4362 628 4417 Soet.
656 4363 660 4428 Ι
686 4358 756 4431 υἰδς]
774 4367 807 4425 -Ι-
825 4368 876 4416 τοῦ
898 4361 969 4417 Soet.
997 4364 1001 4429 Ι
1027 4367 1153 4432 γενητῶν
1175 4362 1249 4417 Socr.
1276 4363 1281 4431 Ι
1308 4363 1347 4419 14
1366 4358 1397 4429 ἐξ
1414 4359 1502 4417 αὐτοῦ
1524 4356 1573 4417 ἅτε
1593 4357 1633 4427 δΙΙ

333 4459 401 4528 δίξ
419 4460 506 4517 αἰτοῦ
523 4460 563 4529 ὼς
580 4458 630 4520 ἱίτε
648 4464 722 4518 Soet.
749 4465 753 4532 Ι
782 4463 819 4518 15
838 4460 963 4531 εἰκότως]
982 4470 1014 4527 -Ι-
1038 4458 1073 4518 ἂν
1092 4463 1163 4517 Socr.
1190 4463 1195 4530 Ι
1222 4458 1259 4518 ἂν
1276 4472 1310 4523 <
1327 4465 1400 4518 θυαε.
1428 4465 1432 4531 Ι
1459 4464 1497 4519 Ῑθ
1513 4459 1632 4534 γίνοιτο]

330 4565 378 4617 καὶ
397 4564 470 4616 Socr.
497 4566 501 4626 Ι
530 4565 564 4619 17
586 4562 653 4633 ῆτδ
672 4565 764 4629 δοται
790 4563 827 4619 18
850 4558 918 4622 5<
936 4564 1008 4618 Soor.
1035 4566 1039 4631 Ι
1068 4565 1107 4621 19
1136 4562 1169 4620 οὐ
1186 4565 1258 4620 Socr.
1286 4566 1291 4633 Ι
1318 4562 1406 4620 αἰτοῦ
1421 4564 1495 4621 Soet.
1512 4560 1632 4620 ‹2va

335 4708 337 4717 ,
367 4664 407 4719 23
425 4660 550 4735 εὑρίσκοι
568 4663 640 4717 Socr.
659 4660 781 4733 εἰρίσκει
800 4665 824 4717 V
851 4666 855 4732 Ι
881 4662 1042 4735 εἰρημένον]
1066 4669 1094 4732 -Ι-
1117 4664 1150 4721 τὸ
1168 4664 1242 4721 Soet.
