3698 5510
582 475 616 530 de
634 475 818 531 ecclesiastica
835 475 978 545 theologia
996 475 1034 529 111
1052 475 1076 529 2.
1426 484 1482 543 141

174 632 288 721 οῦτως
310 644 356 721 είς
382 635 516 721 πάντας
547 634 757 726 ἀνθρώπους
787 641 850 711 τὸν
872 636 1022 724 Χριστὸν
1052 644 1116 709 τοῦ
1146 645 1230 709 θεοῦ
1260 635 1485 727 κατήγγειλαν

173 736 380 820 ἀκολούθως
401 745 446 826 τῆ
466 745 661 828 προφητείᾳ
685 736 818 828 φησάσῃ
852 735 959 810 »διότι
989 738 1064 809 ίδοῦ
1090 744 1238 825 στερεῶν
1259 737 1407 825 βροντήν
1429 744 1485 808 καὶ

173 845 303 925 κτίζων
324 843 456 926 πνεῦμα
477 846 533 908 καὶ
556 833 777 926 ἀναγγέλλων
798 842 844 920 είς
866 833 1078 926 ἀνθρώπους
1096 835 1161 907 τὸν
1176 835 1326 925 Χριστὸν
1348 834 1484 913 αῦτοῦτ.

174 945 236 1010 τοῦ
257 944 319 1028 μὲν
337 945 498 1023 »κτίζωντ
517 933 595 1009 άντί
610 943 673 1008 τοῦ
687 944 922 1025 καταπέμπων
936 934 958 1026 ή
973 934 1199 1009 κατατάσσων
1214 940 1401 1026 εἰρημένου,
1423 944 1485 1027 τῆς

138 1044 210 1109 ὅδε
235 1044 383 1127 βροντῆς
412 1032 492 1107 καθ’
519 1037 638 1125 ἕτερον
661 1032 794 1125 τρόπον
820 1037 861 1109 τὸ
884 1035 1101 1126 εύαγγελικόν
1130 1034 1281 1128 κήρυγμα
1311 1036 1486 1125 δηλούσης.

172 1146 226 1209 καὶ
251 1132 270 1207 ὁ
294 1144 403 1226 λέγων
425 1142 460 1207 δέ
486 1143 645 1225 »καρδίαν
670 1136 831 1224 καθαράν
851 1145 971 1209 κτίσον
992 1141 1029 1208 ἐν
1050 1141 1137 1227 ἐμοί,
1169 1132 1188 1208 ὁ
1214 1134 1330 1219 θεῦςτ,
1354 1133 1414 1225 ούχ
1437 1137 1484 1219 ῶς

172 1237 218 1326 μή
240 1240 329 1326 ἔχων
350 1242 493 1326 καρδίαν
514 1233 608 1309 τοῦτ’
631 1242 756 1326 ἔλεγεν,
778 1237 935 1326 καθαρὰν
957 1241 993 1308 δὲ
1015 1232 1109 1326 αύτῷ
1137 1235 1201 1325 τῆν
1223 1233 1378 1308 διάνοιαν
1399 1233 1483 1309 άπο·

172 1343 378 1426 τελεσθῆναι
399 1329 530 1426 ηύχετο.
573 1330 686 1419 οῦτως
717 1340 846 1425 εἴρηται
874 1345 930 1407 καὶ
959 1337 1001 1408 τὸ
1035 1336 1109 1407 »ἵνα
1131 1337 1212 1418 τοῦς
1234 1334 1294 1408 δύο
1316 1344 1413 1425 κτίσῃ
1437 1344 1483 1420 είς
1502 1340 1534 1393 12

173 1438 234 1508 ένα
260 1436 383 1509 καινὸν
408 1436 617 1525 ύνθρωπονι
646 1433 724 1508 ύντί
755 1443 817 1507 τοῦ
847 1434 1028 1526 συναγάγῃ·
1065 1430 1129 1524 ὅρα
1157 1433 1289 1525 μήποτε
1320 1433 1484 1507 τοιοῦτόν

125 1550 156 1602 10
173 1541 267 1608 ἐστιν
288 1544 344 1607 καὶ
367 1535 408 1608 τὸ
433 1535 636 1609 »ἐνδύσασθε
657 1535 721 1607 τὸν
750 1533 870 1607 καινὸν
899 1535 1092 1626 ἄνθρωπον
1114 1532 1178 1607 τὸν
1198 1532 1286 1607 κατὰ
1307 1535 1394 1607 θεὸν
1415 1565 1484 1605 κτι·

173 1645 321 1709 σθέντα(
346 1643 402 1707 καὶ
428 1634 469 1707 τὸ
503 1640 550 1707 »εί
571 1665 623 1719 τις
644 1629 706 1708 ούν
727 1640 765 1706 ἐν
787 1641 941 1725 Χριστῷ,
963 1635 1062 1725 καινή
1083 1643 1208 1718 κτίσιςτ
1233 1643 1290 1705 καὶ
1312 1628 1375 1705 ὅσα
1397 1635 1485 1706 ἄλλα

173 1729 265 1823 εῦροι
287 1735 331 1807 α”ν
353 1764 405 1817 τις
426 1733 680 1825 τοιουτότροπα
706 1735 770 1825 τήν
796 1732 1032 1807 θεύπνευστον
1058 1733 1193 1824 γραφήν
1214 1734 1484 1824 διερευνώμενος.

171 1836 217 1925 μή
240 1832 416 1923 θαυμάσῃς
438 1827 499 1907 οὖν
521 1842 549 1906 εί
570 1843 807 1925 μεταφορικῶς
822 1842 878 1905 καί
901 1840 939 1906 ἐν
961 1841 1011 1923 τῷ
1031 1834 1164 1923 »κύριος
1179 1837 1310 1905 ἐκτισέν
1321 1863 1360 1924 με
1379 1831 1485 1924 άρχῆν

174 1932 268 2007 ὁδῶν
290 1932 414 2006 αύτοῦι
447 1935 489 2007 τὸ
516 1937 644 2006 ἔκτισεν
672 1932 748 2006 άντὶ
770 1940 834 2007 τοῦ
863 1940 1069 2024 κατέστησεν
1098 1930 1120 2024 ή
1150 1940 1334 2021 κατέταξεν
1365 1939 1412 2016 είς
1444 1933 1484 2005 τὸ

123 2045 156 2097 15
173 2035 290 2123 ἄρχειν
312 2040 455 2125 εἴρηται,
478 2038 551 2106 ἐπεὶ
571 2041 627 2105 καὶ
649 2039 686 2106 ἐν
709 2031 925 2123 Εύαγγελίοις
946 2041 1130 2124 λεγομένου
1155 2031 1222 2105 ῦπό
1245 2031 1309 2105 τοῦ
1330 2040 1485 2123 σωτῆρος

173 2132 272 2225 ήμῶν
294 2141 357 2207 τοῦ
381 2139 664 2224 »ἐξομολογοῦμαί
685 2157 748 2217 σοι,
770 2131 889 2222 πάτερ,
911 2133 1004 2223 κύριε
1027 2141 1091 2206 τοῦ
1106 2131 1254 2221 ούρανοῦ
1268 2140 1323 2204 καὶ
1338 2140 1400 2223 τῆς
1416 2139 1484 2222 γῆς.

173 2233 229 2305 ὅτι
265 2231 462 2323 άπέκρυφας
494 2241 602 2306 ταῦτα
633 2230 702 2305 άπὸ
735 2241 857 2321 σοφῶν
887 2240 942 2305 καί
978 2241 1143 2319 συνετῶν,
1179 2243 1235 2305 καὶ
1266 2231 1485 2319 άπεκάλυφας

173 2334 261 2407 αύτά
288 2341 440 2423 νηπίοις(
474 2330 516 2406 ού
546 2333 611 2423 τὴν
637 2341 711 2404 τῶν
736 2329 992 2424 ἁμαρτημάτων
1022 2330 1208 2423 ὁμολογίαν
1239 2339 1245 2425 Ι
1276 2330 1368 2419 (καθ’
1392 2328 1410 2404 ῦ
1434 2340 1485 2406 λέ·
1505 2337 1563 2393 152

174 2446 292 2507 λεκται
328 2439 365 2504 ἐν
395 2435 522 2519 ἑτέροις
555 2438 832 2523 »ἐξομολογεῖσθε
862 2430 1024 2522 άλλήλοις
1055 2433 1116 2515 τάς
1146 2429 1344 2523 άμαρτίαςτ)
1376 2440 1486 2522 φαμὲν

123 2539 157 2596 ²0
173 2532 243 2605 ύπὸ
265 2539 329 2604 τοῦ
350 2538 507 2621 σωτῆρος
529 2538 727 2622 δηλοῦσθαι,
750 2529 837 2604 άλλὰ
859 2532 925 2621 τήν
946 2537 1000 2604 ἐπὶ
1023 2551 1096 2615 τοῖς
1117 2540 1252 2621 νηπίοις
1274 2528 1485 2621 εὐχαριστίαν

173 2631 252 2705 άντὶ
283 2638 347 2704 τοῦ
380 2628 584 2721 »εῦχαριστῶ
615 2657 681 2715 σοι,
712 2630 835 2721 πάτερ,
866 2631 958 2720 κύριε
989 2638 1052 2702 τοῦ
1074 2628 1223 2721 ούρανοῦ
1243 2638 1300 2702 καί
1321 2638 1382 2721 τῆς
1403 2639 1480 2721 γῆςι

173 2740 236 2804 τοῦ
263 2737 542 2822 ἐξομολογεῖσθαι
564 2738 772 2821 λελεγμένου.
808 2740 907 2821 μυρία
929 2727 958 2802 δ
980 2730 1023 2802 άν
1044 2761 1096 2813 τις
1112 2726 1205 2820 εῦροι
1221 2738 1324 2820 σχολῇ
1339 2731 1484 2821 ζητήσας
1502 2744 1534 2795 13

174 2841 225 2924 τῶ
247 2831 337 2903 κατὰ
358 2831 556 2921 μεταφορὰν
577 2828 698 2920 τρόπῳ
721 2830 767 2902 δι’
791 2825 872 2920 ὅλης
894 2836 955 2922 τῆς
970 2839 1065 2915 θείας
1087 2837 1218 2921 γραφῆς
1239 2837 1405 2920 εἰρημένα,
1428 2838 1483 2902 καὶ

174 2931 264 3004 ἄλλα
285 2930 484 3021 πολύσημον
506 2934 628 3019 ἔχοντα
642 2931 707 3020 τῆν
723 2928 887 3013 διάνοιαν,
909 2937 964 3003 καί
980 2927 1171 3021 ὁμωνύμως
1187 2932 1283 3019 έτερα
1306 2928 1483 3020 διαφόρων

124 3044 156 3099 25
175 3028 386 3120 πραγμάτων
406 3027 693 3121 κατηγορούμενα,
716 3038 793 3120 περί
816 3023 867 3102 ῶν
887 3030 1018 3120 μακρὸν
1041 3029 1084 3102 ἂν
1106 3036 1156 3121 εἴη
1178 3040 1234 3102 καί
1256 3026 1298 3103 ού
1319 3037 1382 3102 τοῦ
1396 3060 1481 3119 παρ·

173 3129 277 3213 ῦντος
306 3136 425 3219 καιροῦ
455 3135 619 3216 διεξιέναι.
662 3124 775 3212 οῦτως
796 3123 859 3202 οῦν
879 3136 934 3202 καὶ
957 3134 1108 3201 ἐνταῦθα
1130 3131 1171 3203 τὸ
1196 3129 1329 3220 »κύριος
1352 3134 1481 3202 ἐκτισέν
1501 3146 1533 3197 14

172 3258 213 3320 με
239 3226 346 3321 άρχήν
370 3225 463 3301 ὁδῶν
493 3226 600 3300 αύτοῦ
625 3234 671 3312 είς
694 3234 772 3318 ἔργα
794 3226 917 3300 αύτοῦτ
951 3227 1027 3301 ἀντὶ
1058 3238 1122 3302 τοῦ
1151 3237 1336 3316 κατέταξέν
1364 3257 1404 3320 με
1434 3237 1480 3313 είς

174 3329 216 3401 τὸ
238 3329 351 3418 ἄρχειν
373 3336 447 3400 τῶν
469 3332 579 3418 ἔργων
601 3326 708 3401 αύτοῦ
734 3336 901 3402 λέλεκται·
937 3329 990 3401 διὸ
1018 3327 1077 3419 οῦχ
1104 3327 1222 3413 άπλῶς
1253 3335 1401 3402 »ἔκτισέν
1422 3360 1478 3420 με(

174 3435 318 3518 εἴρηται,
355 3426 444 3502 άλλὰ
473 3429 558 3518 μετὰ
584 3427 784 3517 προσθήκης
814 3436 875 3520 τῆς
908 3426 1032 3519 »ἀρχὴν
1063 3426 1157 3502 ὁδῶν
1187 3429 1293 3501 αύτοῦ
1323 3437 1369 3512 είς
1404 3433 1482 3519 ἔργα

123 3526 309 3601 θθαῦτοῦι.
352 3535 458 3600 τοῦτο
481 3535 516 3600 δέ
537 3526 683 3618 μάλιστα
704 3538 907 3619 παρίστησιν
929 3527 949 3619 ή
970 3527 1120 3619 Ἑβραλκή
1144 3536 1237 3616 λέξις.
1282 3537 1309 3601 εί
1331 3537 1415 3619 γοῦν
1430 3560 1481 3613 τις
1500 3549 1533 3602 15

173 3626 427 3716 ἐξακριβάσαιτο
458 3627 522 3699 τὸν
548 3624 662 3717 άληθῆ
690 3635 773 3700 νοῦν
801 3636 861 3719 τῆς
883 3630 1117 3702 θεοπνεύστου
1138 3636 1283 3718 γραφῆς,
1314 3624 1406 3718 εύροι
1438 3627 1480 3701 ἂν

175 3727 241 3817 τήν
261 3722 434 3817 Ἑβραϊκῆν
456 3724 648 3817 άνάγνωσιν
668 3733 724 3802 77ῐ
746 3725 788 3801 οῦ
801 3736 1021 3818 περιέχουσαν
1042 3727 1084 3800 τὸ
1109 3732 1256 3801 »έκτισέν
1271 3758 1341 3819 μετ,
1365 3726 1482 3818 διόπερ

260 3897 409 3954 2111111101
426 3902 451 3965 4,
471 3899 503 3953 13
520 3928 552 3937 -
571 3898 591 3955 8
614 3898 657 3952 Ρε.
676 3902 718 3965 50,
737 3902 769 3954 12
787 3929 820 3938 -
845 3901 863 3957 8
885 3900 954 3971 Ερλα
973 3902 997 3965 2,
1016 3904 1048 3956 15
1074 3930 1108 3939 -
1136 3900 1175 3956 18
1194 3899 1264 3970 Eph.
1282 3902 1306 3965 4,
1324 3901 1358 3954 21
1383 3928 1416 3939 -
1444 3900 1481 3955 11

175 4000 200 4052 ΙΙ
218 4000 282 4055 Kor.
300 4004 325 4061 ὁ,
344 4001 375 4054 17
394 4029 427 4038 -
445 4000 484 4055 18
503 4000 582 4054 Ριοτ.
600 4001 625 4065 8,
643 4001 677 4054 22
695 4030 727 4040 -
747 4002 784 4057 18
802 4002 902 4056 11111111
922 4005 961 4063 11,
974 4003 1015 4056 25.
1045 4002 1113 4056 Luk.
1131 4004 1171 4069 10,
1181 4003 1212 4056 21
1235 4032 1268 4042 -
1288 4000 1326 4056 18
1344 4001 1439 4067 Jak.5,
1452 4006 1483 4057 15

172 4129 207 4139 -
226 4100 264 4156 21
285 4101 385 4156 Matth.
404 4102 444 4166 11,
462 4102 503 4156 25.
533 4102 602 4157 Luk.
620 4104 661 4166 10,
679 4105 712 4157 21
738 4132 771 4141 —
798 4102 836 4159 28
853 4103 934 4158 Prov.
951 4104 975 4167 8,
994 4105 1027 4160 22
1052 4132 1085 4143 -
1114 4103 1280 4160 2811Ρτοτ.
1297 4103 1322 4165 8,
1340 4104 1374 4157 22
1391 4132 1424 4142 -
1443 4103 1482 4158 82

176 4201 255 4256 Prov.
273 4203 298 4269 8,
316 4202 350 4256 22
367 4231 400 4240 -
418 4201 490 4258 amr
506 4202 561 4272 vgl.
581 4202 665 4256 ΒαείΙ.
684 4220 706 4257 α.
725 4201 840 4259 Eunom.
858 4205 892 4271 11,
910 4208 944 4260 211

259 4348 573 4422 8άπαγμέλλωνὸοοε.
606 4357 610 4421 Ι
643 4353 661 4407 4
688 4353 741 4422 μὲν
759 4363 792 4414 <
810 4356 883 4409 Soet.
915 4358 920 4425 1
954 4356 968 4410 1
998 4353 1075 4429 αὐτῷ
1094 4355 1131 4407 V²
1149 4356 1220 4409 Socr.
1242 4352 1336 4411 αίτῶν
1353 4354 1394 4407 V*
1427 4357 1431 4421 Ι
1464 4356 1483 4411 8

176 4454 207 4508 τὸ
226 4463 258 4513 <
275 4453 349 4509 Socr.
381 4456 386 4522 Ι
417 4454 435 4510 θ
462 4452 617 4525 συναγάγῃ]
636 4462 668 4518 ·1-
686 4456 755 4509 κα12
783 4458 787 4523 Ι
817 4456 853 4511 11
874 4448 925 4511 οῦν
943 4458 1013 4510 auch
1032 4458 1104 4512 Socr.
1121 4466 1154 4516 <
1171 4456 1219 4510 NT
1237 4455 1373 4527 (Niceph.)
1406 4460 1410 4523 l
1445 4455 1482 4512 12

175 4553 294 4628 τοιούτῳ
312 4555 410 4629 τρδπῃι
428 4555 500 4611 Socr.
534 4559 538 4623 Ι
573 4557 611 4612 18
638 4549 689 4612 σύν
706 4571 737 4617 <
757 4557 830 4613 Soet.
863 4562 867 4626 Ι
901 4559 938 4613 18
963 4559 997 4613 τὸ
1017 4559 1053 4621 V,
1071 4574 1139 4612 corr.
1158 4558 1193 4612 K]
1226 4561 1230 4625 Ι
1263 4559 1300 4613 81
1329 4555 1482 4631 έξακριβώ·

178 4672 257 4711 σαιτο
275 4654 315 4709 V²
331 4656 388 4725 vgl.
406 4658 531 4727 Register
549 4653 767 4729 έξακριβάσαιτο
786 4660 826 4713 V*
853 4662 858 4727 1
889 4660 939 4713 τὸν
958 4657 1112 4729 ἀληθινοῦν
1131 4660 1164 4727 V,
1183 4678 1251 4715 corr.
1269 4680 1297 4715 m
