3698 5510
577 511 611 565 de
628 510 816 566 ecclesiastica
832 509 974 580 theoloffl'a
990 513 1016 566 11
1035 514 1075 567 18
1094 517 1135 571 19.
1451 526 1508 588 123

196 679 254 742 καὶ
275 669 442 761 ηὑράησεν
464 670 558 764 αὐτῷ
580 670 601 762 ἡ
624 681 701 764 περὶ
723 681 787 745 τοῦ
809 673 885 756 ἑνὸς
906 681 992 746 θεοῦ
1014 682 1219 761 διδασκαλία,
1241 686 1412 767 χρησίμως
1428 676 1509 751 τότε

195 780 254 842 καὶ
284 773 372 843 κατὰ
397 771 518 861 καιρὸν
543 776 851 861 είδωλολατροῦσιν
872 769 1043 858 Ἰουδαίοις
1073 781 1338 867 παραδεδομένη.
1381 786 1437 849 καὶ
1467 779 1508 870 δὴ

195 876 350 943 ἐνταῦθα
371 875 582 962 καταφυγών
602 879 658 944 καὶ
690 870 805 961 ὥσπερ
835 878 874 944 ἐν
904 868 1097 962 ὀχυρώματι
1129 874 1253 948 ἑαυτὸν
1283 885 1327 965 τῇ
1348 873 1509 968 Ἰουδαϊκῇ

193 968 405 1060 περιφράξας
420 978 676 1063 σκληροκαρδίᾳ,
692 972 758 1062 τὴν
772 972 915 1063 ἄρνησιν
929 970 1164 1060 προὺβάλλετο
1180 983 1244 1047 τοῦ
1256 979 1333 1047 υἱοῦ
1341 984 1405 1050 τοῦ
1415 986 1509 1050 θεοῦ.

157 1085 175 1138 5
280 1077 321 1146 19
347 1070 540 1144 ἐπάκουσον
562 1078 644 1160 γοῦν
670 1077 756 1153 οίαις
781 1079 939 1162 κέχρηται
970 1092 1115 1160 φωναῖς,
1147 1067 1215 1148 ὦδε
1246 1073 1390 1164 γράφων
1419 1078 1508 1150 κατὰ
1524 1080 1694 1220 Ξζιλνῖἓςδδξῖς

192 1177 287 1257 λέξιν

258 1275 327 1357 (Nr.
343 1279 395 1358 57)
419 1277 496 1341 τίνα
518 1277 636 1341 τοίνυν
658 1270 721 1343 τὸν
745 1272 918 1368 »έγοίείμι
940 1267 959 1343 δ
982 1264 1051 1345 ὢν(
1076 1282 1221 1363 λέγοντα
1235 1270 1402 1364 Ἀστέριος
1421 1278 1508 1348 εἶναι
1525 1223 1615 1344 πὺὑὺῡ
1630 1217 1694 1358 ὑὺγζς

257 1374 378 1455 οίεται,
410 1370 473 1442 τὸν
493 1370 568 1442 υίὸν
591 1366 613 1459 ἢ
636 1371 699 1443 τὸν
720 1379 866 1461 πατέρας
895 1370 965 1444 δύο
988 1371 1061 1463 γάρ
1081 1371 1338 1459 ὑποστάσεις,
1369 1382 1416 1458 είς
1443 1375 1508 1465 τὴν
1541 1360 1679 1493 {twa}

260 1467 488 1559 ἀνθρωπίνην
503 1469 546 1559 ἢν
562 1464 580 1540 δ
597 1476 661 1541 τοῦ
675 1475 760 1543 θεοῦ
774 1468 877 1559 λόγος
892 1466 1076 1562 άνείληφεν
1095 1473 1203 1564 σάρκα
1225 1471 1369 1564 άφοραῦν
1386 1483 1443 1546 καὶ
1465 1472 1506 1548 δι’
1553 1445 1667 1562 γριφὺά

141 1590 173 1641 10
257 1566 365 1660 αὑτὴν
392 1566 486 1641 οὕτω
510 1567 773 1659 φανταζόμενος,
796 1569 949 1660 πατρός
971 1601 1012 1644 τε
1036 1581 1101 1645 καί
1124 1578 1212 1645 υίοῦ
1236 1577 1359 1662 ἔφησεν
1387 1577 1505 1659 εἶναι,
1534 1560 1677 1682 μᾞοθό·

256 1664 351 1740 οὑτω
378 1698 443 1741 τον
465 1672 541 1741 υίον
563 1697 626 1740 του
647 1680 732 1742 θεου
751 1679 911 1759 χωρίζων
939 1678 1002 1744 τοῦ
1032 1671 1177 1764 πατρός,
1204 1671 1253 1755 αδς
1273 1679 1329 1744 καὶ
1351 1674 1427 1744 υλόν
1449 1669 1505 1745 άν-
1569 1647 1661 1761 μοίωςς

254 1769 403 1857 θρώπου
422 1775 596 1857 χωρίσειεν
618 1769 662 1841 ἄν
684 1799 737 1851 τις
759 1777 822 1841 τοῦ
842 1770 930 1842 κατὰ
953 1770 1055 1859 φύσιν
1076 1770 1215 1863 πατρός.
1532 1755 1677 1884 ww

187 1876 246 1938 καὶ
270 1873 413 1957 ἐπιλέγει
436 1870 510 1958 ἑξῆς
1521 1900 1601 1952 2ιοῦ
1617 1901 1690 1953 θεοῦ

254 1971 324 2054 (Nr.
346 1977 398 2055 58)
430 1975 459 2039 εί
485 1975 608 2041 τοίνυν
635 1969 698 2039 τὸν
718 1976 850 2056 πατέρα
871 1978 1061 2058 χωρίζοντα
1087 1970 1211 2042 ἑαυτὸν
1237 1978 1300 2043 τοῦ
1321 1975 1396 2044 υἱοῦ
1417 1972 1504 2061 πρὸς
1550 1964 1672 2037 mm·

136 2092 169 2143 15
254 2065 318 2136 τὸν
342 2075 467 2139 Μωσέα
499 2064 592 2138 ταῦτ’
616 2073 783 2157 εἰρηκέναι
804 2065 918 2156 φήσει,
949 2065 1011 2140 οὑκ
1033 2072 1118 2141 εῖναι
1139 2070 1202 2142 τὸν
1223 2069 1299 2142 υὶόν
1318 2070 1404 2143 θεὸν
1426 2068 1503 2162 δμο-

253 2164 396 2254 λογήσει.
447 2174 524 2250 πῶς
559 2165 623 2254 γάρ
653 2171 795 2255 ἐγχωρεῖ
818 2166 881 2239 τὸν
913 2175 1058 2257 λέγοντα
1091 2172 1175 2261 »ἐγώ
1207 2178 1271 2260 είμι
1301 2167 1320 2241 ὁ
1352 2164 1421 2242 διν(
1457 2172 1502 2263 μὴ

253 2277 497 2355 συνομολογεῖν
519 2260 573 2337 ὅτι
594 2266 682 2338 κατὰ
703 2263 966 2356 άντιδιαστολὴν
987 2275 1050 2340 τοῦ
1071 2269 1116 2358 μὴ
1139 2263 1241 2354 ὄντος
1263 2266 1282 2341 δ
1305 2264 1357 2342 άνν
1378 2272 1502 2345 ἑαυτὸν

252 2366 339 2435 εἷναί
358 2390 476 2455 φησιν,·
506 2368 535 2437 εί
564 2372 600 2437 δὲ
631 2365 695 2437 τὸν
720 2364 796 2437 υἱὸν
817 2362 1001 2438 ὑποστάσει
1023 2373 1226 2457 διῃρημένον
1247 2378 1353 2442 τοῦτο
1376 2369 1501 2457 φάσκοι

251 2470 362 2553 λέγειν
390 2464 431 2536 τὸ
466 2465 550 2554 »ἐγώ
581 2469 646 2555 εἰμι
676 2459 696 2537 ὁ
727 2462 812 2548 ὤνι,
847 2473 852 2552 Ι
885 2462 1015 2536 ταὺτὸν
1044 2460 1144 2550 αὖθις
1172 2476 1250 2554 περὶ
1280 2475 1343 2540 τοῦ
1368 2469 1500 2558 πατρὸς
1518 2486 1574 2542 181

133 2580 168 2635 20
254 2570 364 2651 λέγειν
387 2561 640 2653 νομισθήσεται·
676 2562 840 2652 ἑκάτερον
861 2570 897 2634 δὲ
918 2562 1058 2636 τούτων
1080 2563 1200 2653 ἀσεβές.

155 2666 161 2673 ’
185 2671 244 2735 καί
265 2659 372 2735 πάλιν
393 2667 462 2752 (iv)
486 2666 570 2734 εῖναι
593 2663 656 2734 τὸν
681 2669 814 2752 πατέρα
834 2670 891 2733 καὶ
913 2663 976 2734 τὸν
996 2664 1073 2735 υίὸν
1099 2670 1258 2754 ἐπιδείξω
1279 2669 1532 2758 πειρωμενος,3

186 2758 303 2846 οὑτως
323 2761 444 2851 γράφει

253 2867 322 2949 (Nr.
337 2871 389 2948 66)
412 2860 516 2945 αὐτὸς
539 2863 601 2952 γὰρ
624 2857 784 2951 ὁμολογεῖ
803 2867 913 2948 λέγων
938 2867 993 2933 »ἐν
1013 2866 1087 2954 έμοὶ
1109 2860 1128 2935 0‘
1148 2865 1264 2955 πατὴρ
1285 2863 1378 2955 κάγώ
1394 2872 1433 2938 έν
1447 2876 1499 2960 τῷ

252 2971 390 3052 πατρία·
428 2956 483 3032 ὅτι
509 2968 545 3033 δὲ
567 2969 672 3033 τοῦτο
694 2958 754 3050 οὑχ
776 2957 896 3042 άπλῶς
918 2958 996 3034 οὑδὲ
1026 2961 1187 3049 άσκόπως
1218 2970 1362 3056 εἴρηκεν,
1394 2974 1500 3058 δῆλον

153 3080 166 3093 ’
251 3070 307 3134 καὶ
329 3058 388 3150 ἀφ’
411 3064 526 3150 ἑτέρας
548 3058 778 3150 άποστολικῆς
799 3059 940 3150 ῥήσεως·
979 3062 1060 3144 »είςι
1093 3063 1156 3154 γάρ
1184 3060 1335 3138 δείπων
1360 3066 1499 3157 »κύριος

249 3170 307 3253 μία
328 3170 451 3246 πίστις,
474 3165 511 3231 έν
532 3156 719 3249 βάπτισμαι
748 3161 812 3243 »είς
834 3159 933 3243 θεὸς(
959 3165 1024 3252 ἔφη
1048 3171 1122 3234 »καί
1143 3164 1272 3255 πατήρ,
1295 3160 1315 3237 δ
1337 3172 1392 3239 ἐπὶ
1414 3165 1500 3239 πάν·

252 3291 326 3333 των
355 3270 411 3333 καί
441 3260 496 3332 διὰ
526 3258 673 3332 πάντων
702 3266 758 3330 καί
788 3265 826 3331 έν
855 3267 988 3332 πᾶσινι.
1042 3257 1124 3355 δρᾷς
1155 3258 1209 3335 ὅτι
1241 3261 1312 3336 οῦδ
1346 3271 1500 3339 ἐνταῦθα

251 3358 435 3447 ὑφίσταται
457 3368 519 3450 τῆς
541 3367 751 3449 συμφωνίας,
781 3354 870 3430 άλλά
890 3367 947 3430 καὶ
968 3366 1120 3433 ἐνταῦθα
1142 3364 1184 3435 τὸ
1206 3363 1290 3435 αὑτὸ
1312 3371 1500 3438 πέπονθεν.

253 3461 334 3543 »εἶςι
359 3458 422 3551 γάρ
445 3462 553 3532 είπών
578 3458 726 3548 ικῦριοςι
752 3451 853 3541 αὖθις
878 3460 942 3541 »εἷς
964 3461 1065 3544 θεὸς(
1087 3465 1161 3552 ἔφη,
1184 3468 1239 3534 ἵνα
1262 3459 1361 3553 ἡνίκα
1377 3462 1419 3536 άν
1434 3471 1498 3537 τοῦ

250 3562 326 3644 ἑνὸς
346 3568 467 3647 κυρίου
488 3558 680 3649 μνημονεῦη
703 3556 936 3647 περιλαμβάνη
958 3566 1013 3629 καὶ
1035 3559 1100 3632 τὸν
1120 3568 1262 3651 πατέρα,
1286 3559 1385 3652 ἡνίκα
1398 3560 1431 3634 δ’
1455 3562 1498 3637 ἂν

249 3668 326 3747 περί
347 3666 411 3731 τοῦ
432 3659 563 3748 πατρὸς
585 3665 663 3746 λέχη
678 3657 722 3747 μὴ
739 3657 838 3740 ἐκτὸς
856 3660 940 3729 εἶναι
956 3658 1139 3750 τὸνλόγον
1158 3666 1221 3733 τοῦ
1235 3669 1321 3734 θεοῦ
1335 3672 1497 3753 μαρτυρῇ.

186 3766 296 3830 ταῦτα
318 3757 518 3846 Μάρκελλος
540 3760 649 3831 είπών
676 3758 751 3846 ἑξῆς
777 3766 916 3840 πλείους
942 3758 1078 3849 συνάγει
1108 3760 1239 3850 γραφάς
1261 3756 1329 3834 άπὸ
1353 3769 1414 3853 τῆς
1435 3786 1530 3837 πα-4

185 3865 284 3941 λαιᾶς
306 3857 472 3948 διαθήκης
494 3864 540 3941 εἰς
562 3854 735 3944 ἀπόδειξιν
758 3863 820 3928 τοῦ
842 3856 886 3946 μὴ
908 3855 1070 3947 ὑπάρχειν
1092 3860 1167 3931 υἱὸν
1182 3869 1232 3952 τῷ
1248 3868 1330 3950 θεῷ.
1365 3863 1530 3951 μσνάδαῡ

184 3964 270 4046 γοῦν
292 3960 377 4030 εἶναι
399 3955 593 4044 άδιαίρετον
614 3957 679 4028 τὸν
700 3954 784 4027 θεὸν
807 3955 965 4043 φάσκων,
996 3957 1092 4046 <τόν>
1124 3956 1231 4031 αὑτὸν
1257 3962 1343 4032 εἶναι
1363 3969 1495 4053 πατέρα

132 4071 166 4125 35
183 4065 240 4129 καὶ
262 4057 326 4129 τὸν
348 4054 455 4129 αὑτὸν
476 4060 561 4130 εἶναι
582 4056 659 4128 υἱὸν
680 4062 837 4146 παρίστη,
860 4053 1004 4147 γράφων
1027 4065 1154 4130 τοῦτον
1175 4058 1239 4131 τὸν
1262 4059 1395 4149 τρόπον

271 4225 1497 4298 ιωαα-ωωεα-ωωαα-ωωωω-ω

184 4328 691 4401 εωςΜ-ωωωπσ

269 4480 356 4535 θκαί
373 4481 405 4548 δὴ
425 4480 463 4533 V²
481 4498 504 4534 α
523 4482 554 4535 R.
586 4483 592 4549 Ι
625 4479 663 4535 18
682 4475 790 4546 φάσκοι
807 4478 922 4532 and.St.
941 4475 1088 4547 φάσκειν
1115 4483 1119 4547 Ι
1154 4482 1191 4536 19
1209 4480 1361 4553 λέγωννξ
1379 4484 1497 4538 eorr.V²

185 4580 188 4591 '
220 4582 258 4636 21
286 4574 319 4636 ἓν
341 4581 378 4634 ΚΙ
404 4582 634 4651 vgl.s.180,1·2
667 4584 671 4647 Ι
703 4580 743 4635 24
769 4586 853 4634 τοῦτο
877 4576 928 4648 σι’νχ
946 4578 985 4632 V²
1006 4577 1041 4635 οῦ
1066 4589 1150 4637 τοῦτο
1177 4583 1217 4635 V*
1249 4585 1254 4651 Ι
1291 4585 1330 4640 26
1357 4581 1427 4650 θεδς
1451 4579 1496 4655 ἐφ’

183 4671 269 4751 ἦθ’,
288 4698 358 4737 corr.
375 4681 415 4737 V²
446 4685 451 4749 Ι
482 4683 585 4755 πατήρ]
604 4691 637 4747 -Ι-
656 4681 773 4738 πάντων
792 4680 840 4734 ΝΤ
873 4683 877 4749 Ι
908 4681 946 4737 84
964 4680 1014 4736 τδν
1032 4682 1068 4735 Κ]
