3728 5508
578 484 613 537 do
630 482 815 539 ecelesiastica
831 483 974 554 theologia
991 484 1004 537 I
1021 485 1097 539 3-7.
1441 492 1481 553 65

174 653 351 736 παρθένου
364 646 473 719 καὶ
437 677 499 720 τον
514 644 737 738 ἐνοικῆσαντα
759 645 876 737 τούτῳ
897 644 974 719 υίόν
995 655 1057 719 τοῦ
1079 654 1164 720 θεοῦ
1173 643 1341 770 προόντα
1359 651 1414 719 50¹
1426 652 1482 716 καὶ

175 743 393 869 ρῦσιωδῶς“
371 753 556 835 υφεστῶτα
577 747 719 819 καὶτὸν
741 745 870 820 τοῦτου
891 753 1022 837 πατέρα
1044 745 1138 831 θεόν,
1161 743 1219 835 ὑφ’
1243 775 1283 818 ου
1269 737 1358 817 καὶ
1380 741 1483 827 αῦτός

174 842 390 918 ἀπεστάλθαι
416 853 562 935 συνεχῶς
588 841 755 936 άμολογελ
800 842 914 936 εήμῑνι
948 855 1069 919 τοίνυν
1102 845 1166 930 »είς
1197 845 1278 930 θεὸς
1308 841 1328 918 6
1357 843 1482 936 πατήρ,

172 938 267 1032 ἐξ
226 974 269 1018 ου
291 946 338 1019 τά
358 944 490 1018 πάνται
523 948 611 1018 κατὰ
634 945 696 1019 τόν
718 942 916 1021 ἀπόστολον
950 954 1022 1018 »καί
1050 945 1097 1031 είς
1122 946 1237 1036 κύριος
1257 941 1380 1035 Ἰησοῦς
1402 951 1481 1031 Χρι-

141 1041 260 1130 ὅστός,
285 1042 329 1117 δι
353 1038 394 1118 οὗ
417 1044 460 1117 τά
481 1042 626 1131 πάνται,
650 1041 670 1117 6
691 1047 815 1166 πρρών
837 1051 900 1166 τρῦ
921 1052 1008 1119 θεοῦ
1028 1046 1215 1136 μονογενής
1237 1041 1318 1129 υίός,
1339 1051 1395 1116 καὶ
1411 1051 1481 1132 τρί·

171 1174 229 1229 τος
250 1140 271 1217 6
294 1146 386 1218 κατὰ
408 1143 514 1265 σάρκα
534 1143 607 1229 υίός
628 1143 827 1236 ἀνθρώπου,
851 1140 892 1220 66
914 1142 999 1265 διΗ
974 1151 1064 1265 ημᾶς
1085 1143 1269 1235 ἀνείληφεν
1291 1175 1310 1216 ο
1300 1140 1404 1229 υίὸς
1420 1149 1483 1216 τοῦ

170 1250 263 1318 θεοῦ
292 1241 370 1318 ἀλλ’
385 1238 464 1318 οὔτε
480 1239 499 1317 6
491 1236 1012 1336 ἀνείληφενσῶματαῦτὸνῆν
1033 1252 1084 1335 τῷ
1107 1242 1309 1368 ἀνειληφότι
1331 1247 1396 1334 υίῷ
1419 1249 1483 1315 τοῦ
1515 1259 1532 1313 2

170 1350 268 1428 θεοῦ,
299 1338 380 1418 οῦτε
402 1342 505 1428 αῦτός
527 1374 546 1416 ο
536 1341 640 1428 υίὸς
663 1353 725 1418 τοῦ
746 1352 832 1419 θεοῦ
854 1346 901 1429 είς
922 1341 1020 1417 καὶ
1000 1375 1019 1419 σ
1041 1341 1145 1428 αῦτός
1167 1342 1210 1415 ἂν
1231 1315 1407 1434 νομισθείη
1430 1351 1481 1434 τῷ

171 1444 400 1536 γεγεννηκότι.
442 1451 550 1532 τριῶν
580 1444 621 1535 δή
648 1444 789 1517 τούτων
800 1440 1067 1565 ὑποκειμένων,
1099 1449 1131 1518 σί
1162 1444 1223 1518 δύο
1254 1441 1406 1527 διδόντες
1440 1444 1481 1516 τό

126 1553 156 1607 10
170 1551 292 1629 τρίτον
316 1542 349 1665 6'
372 1544 532 1617 ἐκποδών
553 1544 751 1634 ποιούμενοι
774 1551 835 1635 τῆς
857 1552 1033 1636 ἐκκλησίας
1055 1544 1162 1618 είεν“
1143 1576 1186 1618 ον
1208 1541 1406 1635 ἀπόβλητοι

251 1649 272 1718 7
296 1642 364 1733 τήν
384 1650 446 1734 μὲν
467 1643 508 1734 δή
530 1641 637 1731 σάρκα
659 1651 722 1716 τοῦ
743 1651 899 1736 σωτῆρος
927 1645 1027 1718 άθεοί
1057 1673 1147 1727 τινες
1177 1651 1250 1716 τῶν
1272 1640 1483 1764 ἑτεροδόξων
1502 1647 1601 1776 ὅπως
1618 1650 1648 1709 οί

169 1742 478 1834 παραιτησάμενοι,
509 1740 590 1833 δόξη
612 1748 650 1815 δέ
672 1773 739 1815 τινι
762 1753 951 1832 φαντασίας
973 1737 1094 1833 ὦφθαι
1117 1741 1224 1816 αῦτόν
1250 1746 1305 1815 ἐπὶ
1332 1750 1393 1834 τῆς
1425 1749 1484 1833 γῆς
1502 1716 1667 1859 ἔιὶῗέἶοξῗ

170 1840 358 1963 είρηκότες,
389 1851 526 1933 πρῶτοι
556 1850 619 1915 τοῦ
649 1850 712 1935 τῆς
738 1839 901 1934 ἀληθείας
926 1851 1058 1918 σκοποῦ
1079 1841 1351 1934 διημαρτήκασιν.
1394 1847 1425 1915 οί
1448 1850 1483 1916 δέ
1517 1866 1567 1926 της
1583 1809 1651 1929 πόρε

169 1943 234 2032 τήν
257 1945 427 2033 ἐνσαρκον
449 1950 648 2034 οἰκονομίαν
669 1950 965 2036 παραδεδεγμένοι,
992 1942 1057 2017 τὸν
1078 1951 1114 2015 δέ
1135 1941 1291 2035 προόντα
1314 1949 1377 2015 τοῦ
1398 1948 1483 2014 θεοῦ
1474 1921 1659 2075 mm

126 2053 155 2105 15
171 2039 290 2115 υίόν
268 2040 511 2133 ἀρνησάμενοι,
542 2040 749 2127 ποικίλας
720 2073 769 2125 ως
790 2046 878 2134 έφην
899 2046 1033 2128 ἑαυτοῖς
1055 2041 1192 2126 ἀνοδίας
1213 2039 1414 2131 ἐπενόησαν·
1451 2045 1483 2113 οἱ
1512 2056 1657 2116 ἐκπεπτώ-

170 2148 230 2229 μέν
252 2140 361 2231 φιλὸν
383 2142 574 2233 ἄνθρωπον
596 2148 658 2233 τῆς
677 2148 795 2231 κοινῆς
816 2139 984 2216 ἀπάντων
1005 2143 1139 2231 φύσεως
1157 2172 1221 2214 κατ
1223 2139 1354 2215 ὀῦδὲν
1375 2147 1482 2227 κρείτ·
1538 2145 1628 2185 ΜΨ

171 2270 257 2313 τονα
279 2238 303 2331 ἢ
326 2236 409 2315 ὅσον
432 2239 554 2361 ἀρετῆς
574 2242 826 2364 προτερήμασιν
848 2250 1022 2333 γεγονέναι
1044 2240 1150 2315 αῦτόν
1178 2239 1426 2330 εἰρηκότες,οί
1448 2236 1481 2311 δ’

171 2336 278 2414 αῦτὸν
301 2346 472 2431 ἐνοικῆσαι
494 2340 558 2413 τόν
579 2349 653 2414 τῶν
674 2336 770 2416 όλων
793 2342 878 2416 θεὸν
900 2348 951 2432 τῷ
975 2342 1106 2433 σώματι
1128 2347 1392 2431 δογματίσαντες
1405 2338 1483 2413 υίόν

172 2467 208 2511 τε
229 2437 340 2514 αῦτὸν
362 2442 487 2513 εαυτοῦ
507 2451 708 2533 χρηματίσαι
738 2439 866 2530 φάντες
895 2439 979 2513 δι’
964 2440 1008 2533 ἠν
1037 2439 1214 2531 ῦπέμεινεν
1235 2440 1324 2512 κατὰ
1346 2440 1481 2527 ἀνθρω-

125 2548 155 2605 20
170 2566 238 2613 πον
252 2547 463 2632 οἰκονομίαν.
499 2541 560 2613 δύο
582 2538 735 2625 διδόντες
751 2534 858 2627 οῦτοι,
880 2541 965 2614 θεὸν
979 2549 1035 2613 καὶ
1058 2540 1259 2628 ἄνθρωπον,
1283 2547 1347 2612 τοῦ
1361 2547 1480 2629 τρίτον

172 2639 259 2726 σφὰς
284 2636 408 2724 αῦτοῦς
428 2646 623 2731 ἐστέρησαν,
655 2638 761 2713 αὐτὸν
791 2641 854 2713 τόν
875 2647 1014 2732 σωτῆρα
1036 2638 1100 2712 τόν
1120 2646 1288 2730 μονογενῆ
1311 2645 1374 2712 τοῦ
1395 2646 1480 2711 θεοῦ

171 2738 246 2810 υίόν
267 2737 503 2832 ἀρνησάμενοι.
524 2747 528 2829 Ι
548 2740 686 2814 τούτων
707 2740 813 2814 πάλαι
834 2749 896 2832 μέν
918 2747 1104 2826 Σαβέλλιος
1127 2746 1201 2811 νυνί
1223 2746 1258 2811 δέ
1281 2737 1480 2828 Μάρκελλος
1514 2742 1594 2813 21⁰⁶

173 2845 213 2926 τῆ
234 2839 356 2928 γνώμη
377 2847 652 2930 συναπαχθέντες
672 2839 736 2911 τὸν
755 2847 818 2928 μέν
848 2846 903 2912 ἐπὶ
932 2840 1078 2912 πάντων
1100 2837 1186 2911 θεὸν
1208 2835 1380 2912 Ἰουδαίων
1407 2856 1480 2919 τοῖς

172 2931 329 3022 ἀπίστοις
352 2935 479 3027 ὁμοίως
500 2932 537 3012 εὖ
558 2937 648 3030 μάλα
670 2945 793 3012 εἰδέναι
825 2945 1084 3030 διισχυρίζοντο,
1114 2946 1170 3010 καὶ
1203 2939 1278 3027 <τό>
1309 2936 1479 3026 δεύτερον,

127 3044 156 3100 25
173 3034 235 3124 τήν
256 3035 366 3125 σάρκα
388 3038 453 3128 τήν
474 3043 512 3110 ἐκ
533 3046 595 3129 τῆς
616 3036 712 3130 άγίας
732 3047 919 3129 παρθένου,
942 3036 1276 3129 συνωμολογῆκασιν·
1303 3035 1344 3109 τό
1359 3044 1395 3109 δέ
1412 3046 1479 3125 τρί-

172 3163 243 3220 τον,
267 3133 353 3209 αῦτό
376 3137 418 3210 τό
439 3136 628 3227 κεφάλαιον
651 3145 712 3230 τῆς
733 3136 898 3213 ἀπάντων
913 3136 1011 3229 ήμῶν
1033 3145 1211 3229 σωτηρίας,
1235 3136 1298 3210 τὸν
1319 3137 1395 3210 υἱόν
1416 3145 1479 3210 τοῦ

171 3243 256 3308 θεοῦ
276 3236 631 3327 παραγκωνισάμενοι,
663 3246 739 3326 φῶς
762 3233 847 3311 ὄντα
867 3245 924 3310 καὶ
945 3235 1126 3327 ἀλήθειαν,
1157 3233 1243 3327 όμοῦ
1273 3245 1316 3326 τῆ
1342 3235 1478 3327 ἀρνήσει

171 3343 233 3406 τοῦ
253 3339 331 3407 υίοῦ
351 3344 407 3407 καὶ
429 3344 493 3410 τοῦ
513 3344 575 3428 τῆς
589 3336 753 3427 ἀληθείας
767 3337 885 3425 φωτός
906 3340 1173 3410 ἐκπεπτώκασιν.
1215 3338 1318 3408 ἔνθεν
1340 3338 1398 3406 ἕνα
1415 3344 1478 3422 μέν
1512 3350 1529 3404 3

172 3433 255 3506 θεὸν
279 3430 546 3526 ὁμολογούντων
569 3435 684 3509 αῦτοῦν
705 3435 840 3511 ἀκούσει
860 3447 917 3510 καί
939 3438 1005 3527 τήν
1030 3434 1137 3523 σάρκα
1167 3440 1202 3508 δέ
1233 3441 1295 3507 τοῦ
1325 3442 1478 3524 σωτῆρος

128 3542 157 3595 30
173 3535 369 3622 τιμώντων
405 3535 524 3610 τόνδ’
546 3536 769 3629 ἐνοικήσαντα
790 3546 834 3627 τῆ
856 3545 951 3626 σαρκὶ
982 3542 1067 3610 θεοῦ
1096 3535 1172 3607 υίὸν
1203 3542 1302 3623 φωνῇ
1332 3541 1394 3622 μέν
1423 3542 1478 3606 καί

171 3641 315 3719 χείλεσιν
344 3642 646 3725 παραδεχομένων,
677 3642 766 3727 ἔργῳ
796 3643 832 3709 δὲ
862 3642 1153 3727 παραιτουμένων.
1195 3638 1271 3705 υίὸν
1279 3634 1364 3757 γάρ
1394 3640 1478 3706 θεοῦ

170 3739 253 3821 χρῆν
276 3746 404 3822 ζητεῖν,
426 3732 568 3825 ἀληθῶς
590 3745 704 3823 ζῶντα
724 3735 822 3807 καίι
801 3745 999 3824 υφεσττῦτα
1022 3729 1099 3807 οῦτε
1123 3734 1187 3807 τὸν
1208 3731 1315 3805 αὐτὸν
1337 3726 1366 3823 6
1389 3730 1477 3805 ἀνεί·

173 3842 291 3952 ληφεν
301 3826 387 3905 ὄντα
409 3835 550 3923 σώματι,
573 3830 650 3908 οῦτε
674 3836 738 3909 τόν
761 3834 868 3909 αῦτόν
889 3831 975 3909 ὄντα
999 3843 1048 3925 τῴ
1071 3842 1144 3924 θεῷ
1166 3841 1221 3905 καὶ
1243 3840 1356 3920 πατρί.
1399 3827 1476 3906 οῦτε

173 3931 232 4019 γὰρ
254 3930 319 4003 τόν
344 3937 498 4005 ἐπέκεινα
529 3942 602 4007 τῶν
633 3930 727 4007 ὅλων
757 3935 843 4007 θεὸν
872 3935 998 4007 υίὸν”
977 3965 1020 4006 αν
1050 3964 1101 4017 τις
1134 3935 1242 4005 είπών
1271 3930 1478 4022 εῦσεβήσειεν

129 4032 335 4116 3θ’(τίνσς
300 4060 362 4121 γαρ
384 4033 476 4105 ἔσται
498 4030 612 4117 6669‘
593 4065 612 4105 ο
635 4036 700 4124 τήν
721 4035 871 4123 ἄναρχον
900 4042 957 4105 καὶ
987 4031 1175 4123 ἀγέννητον
1206 4029 1357 4121 θεότητα
1386 4060 1477 4119 περι-

173 4138 413 4222 βεβλημένος;),
444 4128 525 4204 οῦτε
557 4132 621 4205 τόν
649 4141 818 4224 μονογενῆ
849 4142 913 4207 τοῦ
942 4140 1028 4205 θεοῦ
1057 4132 1133 4204 υίὸν
1164 4128 1271 4203 αὐτὸν
1297 4133 1382 4202 είναι
1413 4130 1476 4202 τὸν

173 4237 302 4320 πατέρα
324 4262 376 4314 τις
397 4234 506 4304 είπών
528 4232 774 4323 <δια>δράσεται
795 4234 860 4324 τήν
882 4233 969 4305 κατὰ
992 4239 1067 4304 τῶν
1088 4229 1274 4321 δυσφήμων
1295 4237 1401 4321 δίκην.

254 4401 273 4457 8
292 4402 305 4455 Ι
323 4402 387 4457 Kor.
405 4404 430 4467 θ,
448 4404 465 4457 6
487 4432 520 4440 -
548 4402 584 4457 15
604 4404 659 4473 vgl.
678 4403 704 4458 S.
723 4406 764 4469 63,
781 4405 813 4459 31

255 4550 491 4620 ῙῦμένΚίδέίῘ
519 4555 524 4621 Ι
551 4547 892 4610 zuozovfiberdzw
918 4555 922 4621 Ι
951 4548 1126 4617 241016
1154 4553 1189 4607 ῦί
1211 4550 1474 4621 saoflbordzw

176 4648 180 4713 ί
208 4654 245 4709 ⁸2
270 4656 324 4724 χρὴ
341 4656 401 4785 mlvi
397 4654 504 4721 ,2⁸4
490 4652 606 4726 είςσεβί,
622 4650 731 4717 slav,
757 4674 826 4711 corr
845 4656 897 4710 We
922 4658 927 4724 Ι
952 4656 987 4711 Ιί
1015 4652 1112 4725 διαδΗ
1084 4672 1194 4709 ασεται
1211 4652 1247 4706 Kl
1266 4654 1321 4723 vgl
1339 4654 1366 4709 8.
1382 4656 1424 4721 θ’),
1442 4656 1475 4711 25

226 4739 344 4783 Eusebius
1244 4742 1261 4793 5
