<?xml version="1.0" encoding="UTF-8"?>
<!DOCTYPE html PUBLIC "-//W3C//DTD XHTML 1.0 Transitional//EN"
    "http://www.w3.org/TR/xhtml1/DTD/xhtml1-transitional.dtd">
<html xmlns="http://www.w3.org/1999/xhtml" xml:lang="en" lang="en">
 <head>
  <title>
</title>
<meta http-equiv="Content-Type" content="text/html;charset=utf-8" />
  <meta name='ocr-system' content='tesseract 3.04.00' />
  <meta name='ocr-capabilities' content='ocr_page ocr_carea ocr_par ocr_line ocrx_word'/>
</head>
<body>
  <div class='ocr_page' id='page_1' title='image "./diegriechischen01religoog/diegriechischen01religoog_0049.png"; bbox 0 0 3728 5508; ppageno 0'>
   <div class='ocr_carea' id='block_1_1' title="bbox 654 486 1481 559">
    <p class='ocr_par' dir='ltr' id='par_1_1' title="bbox 654 486 1481 559">
     <span class='ocr_line' id='line_1_1' title="bbox 654 486 1481 559; baseline -0.002 -17"><span class='ocrx_word' id='word_1_1' title='bbox 654 490 750 542; x_wconf 78' lang='grc' dir='ltr'><em>σοοίτε,</em></span> <span class='ocrx_word' id='word_1_2' title='bbox 767 486 931 541; x_wconf 75' lang='lat' dir='ltr'><strong>Marcellum</strong></span> <span class='ocrx_word' id='word_1_3' title='bbox 949 488 961 541; x_wconf 91' lang='lat'>1</span> <span class='ocrx_word' id='word_1_4' title='bbox 980 490 1002 543; x_wconf 91' lang='lat'><em>1.</em></span> <span class='ocrx_word' id='word_1_5' title='bbox 1463 500 1481 559; x_wconf 84' lang='lat'><em>3</em></span> 
     </span>
    </p>
   </div>
   <div class='ocr_carea' id='block_1_2' title="bbox 110 645 1532 4026">
    <p class='ocr_par' dir='ltr' id='par_1_2' title="bbox 110 645 1532 4026">
     <span class='ocr_line' id='line_1_2' title="bbox 169 645 1482 741; baseline 0.004 -24"><span class='ocrx_word' id='word_1_6' title='bbox 169 655 396 737; x_wconf 72' lang='grc' dir='ltr'><em>πειρωμένων</em></span> <span class='ocrx_word' id='word_1_7' title='bbox 421 658 620 737; x_wconf 76' lang='grc' dir='ltr'><strong><em>προσετίθει</em></strong></span> <span class='ocrx_word' id='word_1_8' title='bbox 648 656 759 739; x_wconf 75' lang='grc' dir='ltr'><em>λέγων</em></span> <span class='ocrx_word' id='word_1_9' title='bbox 793 645 898 720; x_wconf 78' lang='grc' dir='ltr'><em>»ἀλλὰ</em></span> <span class='ocrx_word' id='word_1_10' title='bbox 928 657 983 721; x_wconf 81' lang='grc' dir='ltr'><em>καὶ</em></span> <span class='ocrx_word' id='word_1_11' title='bbox 1015 650 1074 722; x_wconf 85' lang='grc' dir='ltr'><em>ἐάν</em></span> <span class='ocrx_word' id='word_1_12' title='bbox 1101 647 1193 740; x_wconf 77' lang='grc' dir='ltr'><em>ἡμεῖς</em></span> <span class='ocrx_word' id='word_1_13' title='bbox 1224 647 1245 740; x_wconf 91' lang='lat'><em>3</em></span> <span class='ocrx_word' id='word_1_14' title='bbox 1277 650 1418 741; x_wconf 88' lang='grc' dir='ltr'><em>άγγελος</em></span> <span class='ocrx_word' id='word_1_15' title='bbox 1448 655 1482 738; x_wconf 77' lang='grc' dir='ltr'><em>ἐξ</em></span> 
     </span>
     <span class='ocr_line' id='line_1_3' title="bbox 171 743 1482 840; baseline 0.002 -22"><span class='ocrx_word' id='word_1_16' title='bbox 171 745 321 836; x_wconf 89' lang='grc' dir='ltr'><em>ούρανοῦ</em></span> <span class='ocrx_word' id='word_1_17' title='bbox 342 745 422 838; x_wconf 79' lang='grc' dir='ltr'><em>ύμῖν</em></span> <span class='ocrx_word' id='word_1_18' title='bbox 450 746 703 839; x_wconf 75' lang='grc' dir='ltr'><em>εὐαγγελίσηται</em></span> <span class='ocrx_word' id='word_1_19' title='bbox 729 746 809 840; x_wconf 78' lang='grc' dir='ltr'><em>παρ’</em></span> <span class='ocrx_word' id='word_1_20' title='bbox 841 743 859 819; x_wconf 91' lang='lat'><em>3</em></span> <span class='ocrx_word' id='word_1_21' title='bbox 889 746 1173 838; x_wconf 72' lang='grc' dir='ltr'><em>εὐηγγελισάμεθα</em></span> <span class='ocrx_word' id='word_1_22' title='bbox 1203 749 1294 840; x_wconf 79' lang='grc' dir='ltr'><em>ύμῖν,</em></span> <span class='ocrx_word' id='word_1_23' title='bbox 1326 747 1482 840; x_wconf 87' lang='grc' dir='ltr'><em>άνάθεμα</em></span> 
     </span>
     <span class='ocr_line' id='line_1_4' title="bbox 170 842 1532 939; baseline 0.005 -23"><span class='ocrx_word' id='word_1_24' title='bbox 170 850 286 918; x_wconf 78' lang='grc' dir='ltr'><em>ἔστωι.</em></span> <span class='ocrx_word' id='word_1_25' title='bbox 332 842 351 917; x_wconf 93' lang='lat'><em>3</em></span> <span class='ocrx_word' id='word_1_26' title='bbox 378 849 420 938; x_wconf 85' lang='grc' dir='ltr'><em>δη</em></span> <span class='ocrx_word' id='word_1_27' title='bbox 446 852 673 935; x_wconf 82' lang='grc' dir='ltr'><em>ἐπαναλαβῷν</em></span> <span class='ocrx_word' id='word_1_28' title='bbox 700 856 854 936; x_wconf 85' lang='grc' dir='ltr'><em>δευτεροί</em></span> <span class='ocrx_word' id='word_1_29' title='bbox 875 846 1018 937; x_wconf 79' lang='grc' dir='ltr'><em>φάσκων</em></span> <span class='ocrx_word' id='word_1_30' title='bbox 1051 846 1118 933; x_wconf 80' lang='grc' dir='ltr'><em>ιῷς</em></span> <span class='ocrx_word' id='word_1_31' title='bbox 1147 847 1395 939; x_wconf 78' lang='grc' dir='ltr'><em>προειρήκαμεν</em></span> <span class='ocrx_word' id='word_1_32' title='bbox 1424 858 1482 921; x_wconf 84' lang='grc' dir='ltr'><em>καὶ</em></span> <span class='ocrx_word' id='word_1_33' title='bbox 1516 871 1532 923; x_wconf 91' lang='grc'><strong>9</strong></span> 
     </span>
     <span class='ocr_line' id='line_1_5' title="bbox 170 944 1478 1039; baseline 0.004 -24"><span class='ocrx_word' id='word_1_34' title='bbox 170 945 247 1032; x_wconf 83' lang='grc' dir='ltr'><em>ἄρτι</em></span> <span class='ocrx_word' id='word_1_35' title='bbox 278 945 386 1020; x_wconf 89' lang='grc' dir='ltr'><em>πάλιν</em></span> <span class='ocrx_word' id='word_1_36' title='bbox 422 955 523 1036; x_wconf 78' lang='grc' dir='ltr'><em>λέγω,</em></span> <span class='ocrx_word' id='word_1_37' title='bbox 561 953 590 1021; x_wconf 85' lang='grc' dir='ltr'><em>εί</em></span> <span class='ocrx_word' id='word_1_38' title='bbox 619 980 671 1034; x_wconf 92' lang='grc' dir='ltr'><em>τις</em></span> <span class='ocrx_word' id='word_1_39' title='bbox 701 947 784 1038; x_wconf 87' lang='grc' dir='ltr'><em>ῦμᾶς</em></span> <span class='ocrx_word' id='word_1_40' title='bbox 815 947 1061 1037; x_wconf 77' lang='grc' dir='ltr'><em>εὐαγγελίζεται</em></span> <span class='ocrx_word' id='word_1_41' title='bbox 1092 946 1169 1039; x_wconf 78' lang='grc' dir='ltr'><em>παρ’</em></span> <span class='ocrx_word' id='word_1_42' title='bbox 1207 944 1225 1019; x_wconf 90' lang='lat'><em>3</em></span> <span class='ocrx_word' id='word_1_43' title='bbox 1262 946 1478 1037; x_wconf 75' lang='grc' dir='ltr'><em>παρελάβετε,</em></span> 
     </span>
     <span class='ocr_line' id='line_1_6' title="bbox 134 1040 1480 1140; baseline 0.004 -24"><span class='ocrx_word' id='word_1_44' title='bbox 134 1044 325 1136; x_wconf 73' lang='grc' dir='ltr'><em>ῦάνάθεμα</em></span> <span class='ocrx_word' id='word_1_45' title='bbox 346 1050 465 1119; x_wconf 76' lang='grc' dir='ltr'><em>ἐστωι.</em></span> <span class='ocrx_word' id='word_1_46' title='bbox 502 1056 537 1120; x_wconf 91' lang='grc' dir='ltr'><em>τί</em></span> <span class='ocrx_word' id='word_1_47' title='bbox 551 1056 587 1122; x_wconf 84' lang='grc' dir='ltr'><em>δέ</em></span> <span class='ocrx_word' id='word_1_48' title='bbox 602 1042 645 1140; x_wconf 77' lang='grc' dir='ltr'><em>ἦν</em></span> <span class='ocrx_word' id='word_1_49' title='bbox 668 1057 783 1129; x_wconf 84' lang='grc' dir='ltr'><em>τοῦτο,</em></span> <span class='ocrx_word' id='word_1_50' title='bbox 805 1045 883 1137; x_wconf 78' lang='grc' dir='ltr'><em>παρ’</em></span> <span class='ocrx_word' id='word_1_51' title='bbox 907 1042 925 1118; x_wconf 91' lang='lat'><em>3</em></span> <span class='ocrx_word' id='word_1_52' title='bbox 949 1047 1011 1120; x_wconf 85' lang='grc' dir='ltr'><em>οῦκ</em></span> <span class='ocrx_word' id='word_1_53' title='bbox 1033 1040 1077 1137; x_wconf 75' lang='lat'><em>33</em></span> <span class='ocrx_word' id='word_1_54' title='bbox 1091 1044 1377 1138; x_wconf 68' lang='grc' dir='ltr'><em>εῦαγγελίίςεσθαι</em></span> <span class='ocrx_word' id='word_1_55' title='bbox 1394 1049 1480 1121; x_wconf 84' lang='grc' dir='ltr'><em>ἄλλο</em></span> 
     </span>
     <span class='ocr_line' id='line_1_7' title="bbox 168 1141 1480 1238; baseline 0.003 -22"><span class='ocrx_word' id='word_1_56' title='bbox 168 1144 391 1237; x_wconf 85' lang='grc' dir='ltr'><em>εύαγγίλι&gt;ον,</em></span> <span class='ocrx_word' id='word_1_57' title='bbox 414 1144 435 1238; x_wconf 89' lang='lat'><em>3</em></span> <span class='ocrx_word' id='word_1_58' title='bbox 458 1148 682 1234; x_wconf 73' lang='grc' dir='ltr'><em>πρυτάνεως</em></span> <span class='ocrx_word' id='word_1_59' title='bbox 705 1146 789 1222; x_wconf 86' lang='grc' dir='ltr'><em>αύτὸ</em></span> <span class='ocrx_word' id='word_1_60' title='bbox 812 1154 920 1220; x_wconf 80' lang='grc' dir='ltr'><em>ἐκεῖνο</em></span> <span class='ocrx_word' id='word_1_61' title='bbox 945 1141 963 1218; x_wconf 88' lang='lat'><strong>3</strong></span> <span class='ocrx_word' id='word_1_62' title='bbox 987 1147 1027 1237; x_wconf 83' lang='grc' dir='ltr'><em>δὴ</em></span> <span class='ocrx_word' id='word_1_63' title='bbox 1050 1166 1123 1230; x_wconf 78' lang='grc' dir='ltr'><em>τοῖς</em></span> <span class='ocrx_word' id='word_1_64' title='bbox 1146 1146 1253 1219; x_wconf 89' lang='grc' dir='ltr'><em>αῦτοῦ</em></span> <span class='ocrx_word' id='word_1_65' title='bbox 1273 1150 1480 1238; x_wconf 81' lang='grc' dir='ltr'><em>παραδιδούς</em></span> 
     </span>
     <span class='ocr_line' id='line_1_8' title="bbox 168 1244 1481 1340; baseline 0.002 -22"><span class='ocrx_word' id='word_1_66' title='bbox 168 1260 341 1337; x_wconf 74' lang='grc' dir='ltr'><em>μαθηταῖς</em></span> <span class='ocrx_word' id='word_1_67' title='bbox 365 1244 383 1320; x_wconf 90' lang='lat'><em>3</em></span> <span class='ocrx_word' id='word_1_68' title='bbox 408 1251 524 1339; x_wconf 81' lang='grc' dir='ltr'><em>σωτὴρ</em></span> <span class='ocrx_word' id='word_1_69' title='bbox 545 1247 795 1340; x_wconf 83' lang='grc' dir='ltr'><em>άναγίγραπται</em></span> <span class='ocrx_word' id='word_1_70' title='bbox 811 1249 954 1337; x_wconf 78' lang='grc' dir='ltr'><em>εἰρηκώς</em></span> <span class='ocrx_word' id='word_1_71' title='bbox 977 1255 1225 1335; x_wconf 75' lang='grc' dir='ltr'><em>»πορευθέντες</em></span> <span class='ocrx_word' id='word_1_72' title='bbox 1245 1248 1481 1337; x_wconf 83' lang='grc' dir='ltr'><em>μαθητεύσατε</em></span> 
     </span>
     <span class='ocr_line' id='line_1_9' title="bbox 168 1341 1479 1438; baseline 0.001 -21"><span class='ocrx_word' id='word_1_73' title='bbox 168 1345 282 1418; x_wconf 88' lang='grc' dir='ltr'><em>πάντα</em></span> <span class='ocrx_word' id='word_1_74' title='bbox 306 1348 349 1420; x_wconf 85' lang='grc' dir='ltr'><em>τά</em></span> <span class='ocrx_word' id='word_1_75' title='bbox 371 1350 471 1438; x_wconf 82' lang='grc' dir='ltr'><em>ἔθνη,</em></span> <span class='ocrx_word' id='word_1_76' title='bbox 503 1359 725 1437; x_wconf 73' lang='grc' dir='ltr'><em>βαπτίζοντες</em></span> <span class='ocrx_word' id='word_1_77' title='bbox 752 1345 875 1430; x_wconf 84' lang='grc' dir='ltr'><em>αύτούς</em></span> <span class='ocrx_word' id='word_1_78' title='bbox 902 1355 949 1431; x_wconf 88' lang='grc' dir='ltr'><em>είς</em></span> <span class='ocrx_word' id='word_1_79' title='bbox 976 1347 1017 1419; x_wconf 86' lang='grc' dir='ltr'><em>τὸ</em></span> <span class='ocrx_word' id='word_1_80' title='bbox 1045 1341 1154 1437; x_wconf 87' lang='grc' dir='ltr'><em>ὄνομα</em></span> <span class='ocrx_word' id='word_1_81' title='bbox 1181 1354 1243 1418; x_wconf 91' lang='grc' dir='ltr'><em>τοῦ</em></span> <span class='ocrx_word' id='word_1_82' title='bbox 1271 1348 1403 1435; x_wconf 86' lang='grc' dir='ltr'><em>πατρὸς</em></span> <span class='ocrx_word' id='word_1_83' title='bbox 1424 1357 1479 1420; x_wconf 84' lang='grc' dir='ltr'><em>καί</em></span> 
     </span>
     <span class='ocr_line' id='line_1_10' title="bbox 170 1444 1532 1538; baseline 0.002 -20"><span class='ocrx_word' id='word_1_84' title='bbox 170 1454 233 1518; x_wconf 86' lang='grc' dir='ltr'><em>τοῦ</em></span> <span class='ocrx_word' id='word_1_85' title='bbox 255 1452 332 1520; x_wconf 87' lang='grc' dir='ltr'><em>υίσῦ</em></span> <span class='ocrx_word' id='word_1_86' title='bbox 354 1455 409 1518; x_wconf 81' lang='grc' dir='ltr'><em>καὶ</em></span> <span class='ocrx_word' id='word_1_87' title='bbox 432 1456 495 1520; x_wconf 93' lang='grc' dir='ltr'><em>τοῦ</em></span> <span class='ocrx_word' id='word_1_88' title='bbox 517 1446 614 1538; x_wconf 85' lang='grc' dir='ltr'><em>άγίου</em></span> <span class='ocrx_word' id='word_1_89' title='bbox 635 1449 864 1535; x_wconf 76' lang='grc' dir='ltr'><em>πνεύματοςι;</em></span> <span class='ocrx_word' id='word_1_90' title='bbox 885 1446 1017 1537; x_wconf 88' lang='grc' dir='ltr'><em>ταύτην</em></span> <span class='ocrx_word' id='word_1_91' title='bbox 1038 1446 1101 1535; x_wconf 86' lang='grc' dir='ltr'><em>γάρ</em></span> <span class='ocrx_word' id='word_1_92' title='bbox 1124 1444 1202 1536; x_wconf 81' lang='grc' dir='ltr'><em>ἡμῖν</em></span> <span class='ocrx_word' id='word_1_93' title='bbox 1218 1446 1283 1536; x_wconf 78' lang='grc' dir='ltr'><em>τὴν</em></span> <span class='ocrx_word' id='word_1_94' title='bbox 1304 1446 1404 1537; x_wconf 88' lang='grc' dir='ltr'><em>χάριν</em></span> <span class='ocrx_word' id='word_1_95' title='bbox 1419 1455 1480 1538; x_wconf 79' lang='grc' dir='ltr'><em>τῆς</em></span> <span class='ocrx_word' id='word_1_96' title='bbox 1499 1468 1532 1521; x_wconf 82' lang='grc'><em>10</em></span> 
     </span>
     <span class='ocr_line' id='line_1_11' title="bbox 116 1543 1479 1638; baseline 0.001 -20"><span class='ocrx_word' id='word_1_97' title='bbox 116 1566 150 1619; x_wconf 89' lang='grc'><em>10</em></span> <span class='ocrx_word' id='word_1_98' title='bbox 169 1548 329 1637; x_wconf 79' lang='grc' dir='ltr'><em>γνώσεως</em></span> <span class='ocrx_word' id='word_1_99' title='bbox 360 1555 422 1637; x_wconf 82' lang='grc' dir='ltr'><em>τῆς</em></span> <span class='ocrx_word' id='word_1_100' title='bbox 452 1544 548 1638; x_wconf 89' lang='grc' dir='ltr'><em>άγίας</em></span> <span class='ocrx_word' id='word_1_101' title='bbox 582 1547 718 1637; x_wconf 89' lang='grc' dir='ltr'><em>τριάδος</em></span> <span class='ocrx_word' id='word_1_102' title='bbox 748 1545 852 1637; x_wconf 86' lang='grc' dir='ltr'><em>μόνος</em></span> <span class='ocrx_word' id='word_1_103' title='bbox 882 1543 985 1628; x_wconf 86' lang='grc' dir='ltr'><em>αύτός</em></span> <span class='ocrx_word' id='word_1_104' title='bbox 1016 1546 1070 1616; x_wconf 82' lang='grc' dir='ltr'><em>διὰ</em></span> <span class='ocrx_word' id='word_1_105' title='bbox 1102 1553 1162 1635; x_wconf 80' lang='grc' dir='ltr'><em>τῆς</em></span> <span class='ocrx_word' id='word_1_106' title='bbox 1188 1554 1350 1637; x_wconf 85' lang='grc' dir='ltr'><em>μυστικῆς</em></span> <span class='ocrx_word' id='word_1_107' title='bbox 1377 1550 1479 1621; x_wconf 82' lang='grc' dir='ltr'><em>δεδού-</em></span> 
     </span>
     <span class='ocr_line' id='line_1_12' title="bbox 170 1641 1477 1738; baseline 0 -21"><span class='ocrx_word' id='word_1_108' title='bbox 170 1676 271 1735; x_wconf 88' lang='grc' dir='ltr'><em>ρηται</em></span> <span class='ocrx_word' id='word_1_109' title='bbox 292 1644 564 1738; x_wconf 81' lang='grc' dir='ltr'><em>άναγεννήσεως,</em></span> <span class='ocrx_word' id='word_1_110' title='bbox 596 1642 675 1719; x_wconf 89' lang='grc' dir='ltr'><em>οῦτε</em></span> <span class='ocrx_word' id='word_1_111' title='bbox 699 1654 851 1730; x_wconf 78' lang='grc' dir='ltr'><em>Μωσέως</em></span> <span class='ocrx_word' id='word_1_112' title='bbox 882 1641 961 1719; x_wconf 88' lang='grc' dir='ltr'><em>οῦτε</em></span> <span class='ocrx_word' id='word_1_113' title='bbox 988 1653 1181 1735; x_wconf 79' lang='grc' dir='ltr'><em>προφητῶν</em></span> <span class='ocrx_word' id='word_1_114' title='bbox 1203 1675 1297 1730; x_wconf 89' lang='grc' dir='ltr'><em>τινος</em></span> <span class='ocrx_word' id='word_1_115' title='bbox 1320 1655 1370 1737; x_wconf 93' lang='grc' dir='ltr'><em>τῷ</em></span> <span class='ocrx_word' id='word_1_116' title='bbox 1393 1676 1477 1734; x_wconf 90' lang='grc' dir='ltr'><em>προ·</em></span> 
     </span>
     <span class='ocr_line' id='line_1_13' title="bbox 168 1743 1479 1838; baseline -0.002 -20"><span class='ocrx_word' id='word_1_117' title='bbox 168 1754 259 1837; x_wconf 81' lang='grc' dir='ltr'><em>τέρῷ</em></span> <span class='ocrx_word' id='word_1_118' title='bbox 276 1754 348 1836; x_wconf 92' lang='grc' dir='ltr'><em>λαῷ</em></span> <span class='ocrx_word' id='word_1_119' title='bbox 366 1746 495 1837; x_wconf 91' lang='grc' dir='ltr'><em>ταύτην</em></span> <span class='ocrx_word' id='word_1_120' title='bbox 510 1754 811 1838; x_wconf 80' lang='grc' dir='ltr'><em>διακονησαμένου</em></span> <span class='ocrx_word' id='word_1_121' title='bbox 826 1743 921 1836; x_wconf 86' lang='grc' dir='ltr'><em>μὸνφ</em></span> <span class='ocrx_word' id='word_1_122' title='bbox 932 1747 993 1834; x_wconf 84' lang='grc' dir='ltr'><em>γάρ</em></span> <span class='ocrx_word' id='word_1_123' title='bbox 1009 1750 1154 1834; x_wconf 82' lang='grc' dir='ltr'><em>ἔπρεπεν</em></span> <span class='ocrx_word' id='word_1_124' title='bbox 1169 1752 1221 1834; x_wconf 94' lang='grc' dir='ltr'><em>τῷ</em></span> <span class='ocrx_word' id='word_1_125' title='bbox 1236 1748 1298 1835; x_wconf 87' lang='grc' dir='ltr'><em>υίῷ</em></span> <span class='ocrx_word' id='word_1_126' title='bbox 1316 1752 1379 1817; x_wconf 90' lang='grc' dir='ltr'><em>τοῦ</em></span> <span class='ocrx_word' id='word_1_127' title='bbox 1395 1753 1479 1817; x_wconf 87' lang='grc' dir='ltr'><em>θεοῦ</em></span> 
     </span>
     <span class='ocr_line' id='line_1_14' title="bbox 169 1842 1480 1938; baseline -0.001 -20"><span class='ocrx_word' id='word_1_128' title='bbox 169 1848 235 1937; x_wconf 80' lang='grc' dir='ltr'><em>τὴν</em></span> <span class='ocrx_word' id='word_1_129' title='bbox 260 1848 433 1938; x_wconf 78' lang='grc' dir='ltr'><em>πατρικὴν</em></span> <span class='ocrx_word' id='word_1_130' title='bbox 461 1843 585 1920; x_wconf 83' lang='grc' dir='ltr'><em>άπασιν</em></span> <span class='ocrx_word' id='word_1_131' title='bbox 618 1845 818 1935; x_wconf 83' lang='grc' dir='ltr'><em>άνθρῷποις</em></span> <span class='ocrx_word' id='word_1_132' title='bbox 850 1844 1127 1935; x_wconf 86' lang='grc' dir='ltr'><em>εύαγγελίσασθαι</em></span> <span class='ocrx_word' id='word_1_133' title='bbox 1157 1842 1270 1933; x_wconf 87' lang='grc' dir='ltr'><em>χάριν,</em></span> <span class='ocrx_word' id='word_1_134' title='bbox 1301 1845 1480 1935; x_wconf 76' lang='grc' dir='ltr'><em>ἐπειδήπερ</em></span> 
     </span>
     <span class='ocr_line' id='line_1_15' title="bbox 172 1942 1481 2037; baseline -0.003 -18"><span class='ocrx_word' id='word_1_135' title='bbox 172 1944 209 2019; x_wconf 82' lang='grc' dir='ltr'><em>ιδ</em></span> <span class='ocrx_word' id='word_1_136' title='bbox 234 1944 339 2037; x_wconf 86' lang='grc' dir='ltr'><em>νόμος</em></span> <span class='ocrx_word' id='word_1_137' title='bbox 355 1947 409 2018; x_wconf 80' lang='grc' dir='ltr'><em>διὰ</em></span> <span class='ocrx_word' id='word_1_138' title='bbox 425 1956 577 2031; x_wconf 78' lang='grc' dir='ltr'><em>Μωσέως</em></span> <span class='ocrx_word' id='word_1_139' title='bbox 599 1947 736 2036; x_wconf 76' lang='grc' dir='ltr'><em>ἐδόθηι,</em></span> <span class='ocrx_word' id='word_1_140' title='bbox 760 1946 813 2018; x_wconf 86' lang='grc' dir='ltr'><em>διά</em></span> <span class='ocrx_word' id='word_1_141' title='bbox 837 1951 871 2015; x_wconf 82' lang='grc' dir='ltr'><em>δε</em></span> <span class='ocrx_word' id='word_1_142' title='bbox 893 1944 1002 2031; x_wconf 86' lang='grc' dir='ltr'><em>μόνου</em></span> <span class='ocrx_word' id='word_1_143' title='bbox 1021 1942 1142 2034; x_wconf 79' lang='grc' dir='ltr'><em>»Ἰησοῦ</em></span> <span class='ocrx_word' id='word_1_144' title='bbox 1159 1951 1339 2033; x_wconf 78' lang='grc' dir='ltr'><em>Χριστοῦτ,</em></span> <span class='ocrx_word' id='word_1_145' title='bbox 1362 1944 1410 2027; x_wconf 71' lang='grc' dir='ltr'><em>οῦς</em></span> <span class='ocrx_word' id='word_1_146' title='bbox 1426 1945 1481 2015; x_wconf 85' lang='grc' dir='ltr'><em>διά</em></span> 
     </span>
     <span class='ocr_line' id='line_1_16' title="bbox 116 2040 1530 2137; baseline -0.005 -16"><span class='ocrx_word' id='word_1_147' title='bbox 116 2070 150 2123; x_wconf 79' lang='lat'><em>15</em></span> <span class='ocrx_word' id='word_1_148' title='bbox 172 2055 397 2136; x_wconf 77' lang='grc' dir='ltr'><em>»μονογενοῦς</em></span> <span class='ocrx_word' id='word_1_149' title='bbox 418 2052 510 2118; x_wconf 76' lang='grc' dir='ltr'><em>υίοῦι</em></span> <span class='ocrx_word' id='word_1_150' title='bbox 538 2045 677 2137; x_wconf 80' lang='grc' dir='ltr'><em>[Ἰησοῦ],</em></span> <span class='ocrx_word' id='word_1_151' title='bbox 705 2043 741 2136; x_wconf 82' lang='lat'><em>»3</em></span> <span class='ocrx_word' id='word_1_152' title='bbox 765 2044 858 2134; x_wconf 87' lang='grc' dir='ltr'><em>χάρις</em></span> <span class='ocrx_word' id='word_1_153' title='bbox 879 2054 934 2116; x_wconf 85' lang='grc' dir='ltr'><em>καὶ</em></span> <span class='ocrx_word' id='word_1_154' title='bbox 956 2043 976 2134; x_wconf 87' lang='lat'><em>3</em></span> <span class='ocrx_word' id='word_1_155' title='bbox 1004 2040 1166 2135; x_wconf 76' lang='grc' dir='ltr'><em>άλὴθειαι</em></span> <span class='ocrx_word' id='word_1_156' title='bbox 1192 2051 1335 2130; x_wconf 80' lang='grc' dir='ltr'><em>ἐγένετο.</em></span> <span class='ocrx_word' id='word_1_157' title='bbox 1378 2047 1481 2116; x_wconf 81' lang='grc' dir='ltr'><em>ἔνθεν</em></span> <span class='ocrx_word' id='word_1_158' title='bbox 1500 2058 1530 2110; x_wconf 87' lang='grc'><em>11</em></span> 
     </span>
     <span class='ocr_line' id='line_1_17' title="bbox 168 2142 1479 2237; baseline -0.002 -20"><span class='ocrx_word' id='word_1_159' title='bbox 168 2145 311 2229; x_wconf 86' lang='grc' dir='ltr'><em>είκὸτως</em></span> <span class='ocrx_word' id='word_1_160' title='bbox 334 2142 352 2217; x_wconf 93' lang='lat'><em>3</em></span> <span class='ocrx_word' id='word_1_161' title='bbox 375 2153 437 2236; x_wconf 76' lang='grc' dir='ltr'><em>μὲν</em></span> <span class='ocrx_word' id='word_1_162' title='bbox 458 2153 679 2237; x_wconf 80' lang='grc' dir='ltr'><em>παιδαγωγοῦ</em></span> <span class='ocrx_word' id='word_1_163' title='bbox 702 2143 833 2233; x_wconf 83' lang='grc' dir='ltr'><em>τρόπον</em></span> <span class='ocrx_word' id='word_1_164' title='bbox 856 2151 911 2218; x_wconf 82' lang='grc'><em>30’</em></span> <span class='ocrx_word' id='word_1_165' title='bbox 935 2142 1137 2234; x_wconf 78' lang='grc' dir='ltr'><em>νηπιάζσντι</em></span> <span class='ocrx_word' id='word_1_166' title='bbox 1159 2153 1210 2235; x_wconf 93' lang='grc' dir='ltr'><em>τῷ</em></span> <span class='ocrx_word' id='word_1_167' title='bbox 1231 2151 1390 2233; x_wconf 75' lang='grc' dir='ltr'><em>προτέρω</em></span> <span class='ocrx_word' id='word_1_168' title='bbox 1407 2151 1479 2233; x_wconf 89' lang='grc' dir='ltr'><em>λαῷ</em></span> 
     </span>
     <span class='ocr_line' id='line_1_18' title="bbox 171 2242 1481 2336; baseline 0 -21"><span class='ocrx_word' id='word_1_169' title='bbox 171 2265 339 2334; x_wconf 75' lang='grc' dir='ltr'><em>»στοιχεῖα</em></span> <span class='ocrx_word' id='word_1_170' title='bbox 361 2254 423 2336; x_wconf 79' lang='grc' dir='ltr'><em>τῆς</em></span> <span class='ocrx_word' id='word_1_171' title='bbox 445 2242 547 2335; x_wconf 78' lang='grc' dir='ltr'><em>ἀρχῆς</em></span> <span class='ocrx_word' id='word_1_172' title='bbox 574 2254 648 2317; x_wconf 85' lang='grc' dir='ltr'><em>τῷν</em></span> <span class='ocrx_word' id='word_1_173' title='bbox 675 2253 737 2317; x_wconf 91' lang='grc' dir='ltr'><em>τοῦ</em></span> <span class='ocrx_word' id='word_1_174' title='bbox 766 2252 866 2315; x_wconf 76' lang='grc' dir='ltr'><em>θεοῦι</em></span> <span class='ocrx_word' id='word_1_175' title='bbox 892 2251 1075 2331; x_wconf 80' lang='grc' dir='ltr'><em>παρεδίδου</em></span> <span class='ocrx_word' id='word_1_176' title='bbox 1100 2252 1281 2331; x_wconf 79' lang='grc' dir='ltr'><em>»λογίων«,</em></span> <span class='ocrx_word' id='word_1_177' title='bbox 1304 2252 1481 2316; x_wconf 80' lang='grc' dir='ltr'><em>πολυθίου</em></span> 
     </span>
     <span class='ocr_line' id='line_1_19' title="bbox 166 2340 1480 2437; baseline -0.001 -22"><span class='ocrx_word' id='word_1_178' title='bbox 166 2353 230 2435; x_wconf 78' lang='grc' dir='ltr'><em>μὲν</em></span> <span class='ocrx_word' id='word_1_179' title='bbox 253 2342 427 2435; x_wconf 87' lang='grc' dir='ltr'><em>άπείργων</em></span> <span class='ocrx_word' id='word_1_180' title='bbox 454 2345 599 2437; x_wconf 73' lang='grc' dir='ltr'><em>πλάνης,</em></span> <span class='ocrx_word' id='word_1_181' title='bbox 626 2346 711 2418; x_wconf 83' lang='grc' dir='ltr'><em>θεὸν</em></span> <span class='ocrx_word' id='word_1_182' title='bbox 739 2353 773 2417; x_wconf 81' lang='grc' dir='ltr'><em>δὲ</em></span> <span class='ocrx_word' id='word_1_183' title='bbox 800 2342 983 2433; x_wconf 81' lang='grc' dir='ltr'><em>κηρύττων</em></span> <span class='ocrx_word' id='word_1_184' title='bbox 1009 2346 1068 2413; x_wconf 73' lang='grc' dir='ltr'><em>ἕνα</em></span> <span class='ocrx_word' id='word_1_185' title='bbox 1095 2340 1204 2431; x_wconf 84' lang='grc' dir='ltr'><em>μόνον</em></span> <span class='ocrx_word' id='word_1_186' title='bbox 1226 2350 1357 2415; x_wconf 86' lang='grc' dir='ltr'><em>είδίναι.</em></span> <span class='ocrx_word' id='word_1_187' title='bbox 1399 2343 1418 2432; x_wconf 89' lang='lat'><em>3</em></span> <span class='ocrx_word' id='word_1_188' title='bbox 1445 2351 1480 2415; x_wconf 81' lang='grc' dir='ltr'><em>δέ</em></span> 
     </span>
     <span class='ocr_line' id='line_1_20' title="bbox 166 2440 1480 2535; baseline -0.001 -20"><span class='ocrx_word' id='word_1_189' title='bbox 166 2444 339 2535; x_wconf 83' lang='grc' dir='ltr'><em>σωτήριος</em></span> <span class='ocrx_word' id='word_1_190' title='bbox 367 2444 476 2535; x_wconf 85' lang='grc' dir='ltr'><em>χάρις,</em></span> <span class='ocrx_word' id='word_1_191' title='bbox 511 2444 738 2535; x_wconf 86' lang='grc' dir='ltr'><em>ύπερκύσμιόν</em></span> <span class='ocrx_word' id='word_1_192' title='bbox 775 2474 853 2515; x_wconf 91' lang='grc' dir='ltr'><em>τινα</em></span> <span class='ocrx_word' id='word_1_193' title='bbox 883 2453 939 2514; x_wconf 83' lang='grc' dir='ltr'><em>καὶ</em></span> <span class='ocrx_word' id='word_1_194' title='bbox 970 2443 1150 2533; x_wconf 82' lang='grc' dir='ltr'><em>άγγελικὴν</em></span> <span class='ocrx_word' id='word_1_195' title='bbox 1180 2440 1258 2532; x_wconf 80' lang='grc' dir='ltr'><em>ἡμίν</em></span> <span class='ocrx_word' id='word_1_196' title='bbox 1288 2451 1480 2532; x_wconf 78' lang='grc' dir='ltr'><em>παρέχουσα</em></span> 
     </span>
     <span class='ocr_line' id='line_1_21' title="bbox 113 2540 1478 2637; baseline -0.002 -20"><span class='ocrx_word' id='word_1_197' title='bbox 113 2564 151 2617; x_wconf 76' lang='grc'><em>20</em></span> <span class='ocrx_word' id='word_1_198' title='bbox 166 2553 305 2634; x_wconf 87' lang='grc' dir='ltr'><em>γνῷσιν,</em></span> <span class='ocrx_word' id='word_1_199' title='bbox 329 2544 370 2616; x_wconf 83' lang='grc' dir='ltr'><em>τὸ</em></span> <span class='ocrx_word' id='word_1_200' title='bbox 392 2544 498 2618; x_wconf 89' lang='grc' dir='ltr'><em>πάλαι</em></span> <span class='ocrx_word' id='word_1_201' title='bbox 521 2555 571 2637; x_wconf 93' lang='grc' dir='ltr'><em>τῷ</em></span> <span class='ocrx_word' id='word_1_202' title='bbox 595 2552 755 2637; x_wconf 75' lang='grc' dir='ltr'><em>προτέρῳ</em></span> <span class='ocrx_word' id='word_1_203' title='bbox 779 2552 852 2633; x_wconf 85' lang='grc' dir='ltr'><em>λαῷ</em></span> <span class='ocrx_word' id='word_1_204' title='bbox 875 2548 1093 2632; x_wconf 79' lang='grc' dir='ltr'><em>σεσιγημένου</em></span> <span class='ocrx_word' id='word_1_205' title='bbox 1119 2540 1305 2631; x_wconf 85' lang='grc' dir='ltr'><em>μυστήριον</em></span> <span class='ocrx_word' id='word_1_206' title='bbox 1327 2540 1478 2630; x_wconf 88' lang='grc' dir='ltr'><em>άναφαν-</em></span> 
     </span>
     <span class='ocr_line' id='line_1_22' title="bbox 167 2637 1479 2731; baseline -0.006 -13"><span class='ocrx_word' id='word_1_207' title='bbox 167 2644 230 2718; x_wconf 86' lang='grc' dir='ltr'><em>δὸν</em></span> <span class='ocrx_word' id='word_1_208' title='bbox 252 2642 488 2731; x_wconf 78' lang='grc' dir='ltr'><em>ἐξεκάλυπτεν,</em></span> <span class='ocrx_word' id='word_1_209' title='bbox 512 2643 618 2717; x_wconf 84' lang='grc' dir='ltr'><em>αύτὸν</em></span> <span class='ocrx_word' id='word_1_210' title='bbox 640 2644 703 2716; x_wconf 88' lang='grc' dir='ltr'><em>τὸν</em></span> <span class='ocrx_word' id='word_1_211' title='bbox 719 2649 872 2716; x_wconf 76' lang='grc' dir='ltr'><em>ἐπέκεινα</em></span> <span class='ocrx_word' id='word_1_212' title='bbox 889 2651 961 2713; x_wconf 86' lang='grc' dir='ltr'><em>τῷν</em></span> <span class='ocrx_word' id='word_1_213' title='bbox 979 2637 1074 2714; x_wconf 81' lang='grc' dir='ltr'><em>ὅλων</em></span> <span class='ocrx_word' id='word_1_214' title='bbox 1089 2641 1184 2725; x_wconf 86' lang='grc' dir='ltr'><em>θεόν,</em></span> <span class='ocrx_word' id='word_1_215' title='bbox 1209 2643 1271 2715; x_wconf 83' lang='grc' dir='ltr'><em>τὸν</em></span> <span class='ocrx_word' id='word_1_216' title='bbox 1287 2660 1359 2724; x_wconf 82' lang='grc' dir='ltr'><em>τοῖς</em></span> <span class='ocrx_word' id='word_1_217' title='bbox 1374 2640 1479 2714; x_wconf 89' lang='grc' dir='ltr'><em>πάλαι</em></span> 
     </span>
     <span class='ocr_line' id='line_1_23' title="bbox 166 2738 1478 2834; baseline -0.001 -19"><span class='ocrx_word' id='word_1_218' title='bbox 166 2740 370 2832; x_wconf 81' lang='grc' dir='ltr'><em>άνθρῷτισις</em></span> <span class='ocrx_word' id='word_1_219' title='bbox 391 2751 616 2834; x_wconf 80' lang='grc' dir='ltr'><em>ἐγνωσμένον,</em></span> <span class='ocrx_word' id='word_1_220' title='bbox 645 2745 730 2816; x_wconf 85' lang='grc' dir='ltr'><em>θεὸν</em></span> <span class='ocrx_word' id='word_1_221' title='bbox 755 2738 822 2833; x_wconf 85' lang='grc' dir='ltr'><em>άμα</em></span> <span class='ocrx_word' id='word_1_222' title='bbox 850 2752 906 2814; x_wconf 85' lang='grc' dir='ltr'><em>καὶ</em></span> <span class='ocrx_word' id='word_1_223' title='bbox 928 2750 1059 2830; x_wconf 75' lang='grc' dir='ltr'><em>πατέρα</em></span> <span class='ocrx_word' id='word_1_224' title='bbox 1082 2745 1166 2814; x_wconf 90' lang='grc' dir='ltr'><em>είναι</em></span> <span class='ocrx_word' id='word_1_225' title='bbox 1188 2746 1264 2814; x_wconf 91' lang='grc' dir='ltr'><em>υίσῦ</em></span> <span class='ocrx_word' id='word_1_226' title='bbox 1296 2750 1357 2812; x_wconf 91' lang='grc' dir='ltr'><em>τοῦ</em></span> <span class='ocrx_word' id='word_1_227' title='bbox 1377 2770 1478 2829; x_wconf 89' lang='grc' dir='ltr'><em>μονο-</em></span> 
     </span>
     <span class='ocr_line' id='line_1_24' title="bbox 165 2839 1479 2934; baseline -0.002 -19"><span class='ocrx_word' id='word_1_228' title='bbox 165 2850 287 2934; x_wconf 88' lang='grc' dir='ltr'><em>γενοῦς</em></span> <span class='ocrx_word' id='word_1_229' title='bbox 309 2843 536 2933; x_wconf 88' lang='grc' dir='ltr'><em>κηρύττουσα,</em></span> <span class='ocrx_word' id='word_1_230' title='bbox 568 2842 632 2933; x_wconf 82' lang='grc' dir='ltr'><em>τη’ν</em></span> <span class='ocrx_word' id='word_1_231' title='bbox 659 2875 695 2915; x_wconf 92' lang='grc' dir='ltr'><em>τε</em></span> <span class='ocrx_word' id='word_1_232' title='bbox 724 2852 785 2916; x_wconf 92' lang='grc' dir='ltr'><em>τοῦ</em></span> <span class='ocrx_word' id='word_1_233' title='bbox 812 2839 908 2931; x_wconf 89' lang='grc' dir='ltr'><em>άγίου</em></span> <span class='ocrx_word' id='word_1_234' title='bbox 934 2842 1127 2931; x_wconf 84' lang='grc' dir='ltr'><em>πνεύματος</em></span> <span class='ocrx_word' id='word_1_235' title='bbox 1149 2842 1202 2914; x_wconf 87' lang='grc' dir='ltr'><em>διά</em></span> <span class='ocrx_word' id='word_1_236' title='bbox 1225 2849 1289 2913; x_wconf 91' lang='grc' dir='ltr'><em>τοῦ</em></span> <span class='ocrx_word' id='word_1_237' title='bbox 1310 2845 1385 2912; x_wconf 85' lang='grc' dir='ltr'><em>υίσῦ</em></span> <span class='ocrx_word' id='word_1_238' title='bbox 1407 2861 1479 2924; x_wconf 82' lang='grc' dir='ltr'><em>τοῖς</em></span> 
     </span>
     <span class='ocr_line' id='line_1_25' title="bbox 164 2938 1529 3033; baseline 0.001 -18"><span class='ocrx_word' id='word_1_239' title='bbox 164 2941 275 3030; x_wconf 74' lang='grc' dir='ltr'><em>άξίοις</em></span> <span class='ocrx_word' id='word_1_240' title='bbox 297 2948 543 3033; x_wconf 76' lang='grc' dir='ltr'><em>ἐπιχορηγοῦσα</em></span> <span class='ocrx_word' id='word_1_241' title='bbox 566 2943 716 3033; x_wconf 88' lang='grc' dir='ltr'><em>δύναμιν.</em></span> <span class='ocrx_word' id='word_1_242' title='bbox 759 2939 909 3014; x_wconf 88' lang='grc' dir='ltr'><em>αύτόθεν</em></span> <span class='ocrx_word' id='word_1_243' title='bbox 931 2972 1005 3025; x_wconf 90' lang='grc' dir='ltr'><em>πως</em></span> <span class='ocrx_word' id='word_1_244' title='bbox 1029 2941 1092 3031; x_wconf 83' lang='grc' dir='ltr'><em>τὴν</em></span> <span class='ocrx_word' id='word_1_245' title='bbox 1114 2938 1213 3031; x_wconf 84' lang='grc' dir='ltr'><em>άγίαν</em></span> <span class='ocrx_word' id='word_1_246' title='bbox 1233 2949 1289 3012; x_wconf 81' lang='grc' dir='ltr'><em>καί</em></span> <span class='ocrx_word' id='word_1_247' title='bbox 1310 2951 1479 3031; x_wconf 88' lang='grc' dir='ltr'><em>μακαρίαν</em></span> <span class='ocrx_word' id='word_1_248' title='bbox 1498 2962 1529 3016; x_wconf 88' lang='grc'><em>12</em></span> 
     </span>
     <span class='ocr_line' id='line_1_26' title="bbox 111 3038 1477 3133; baseline -0.001 -18"><span class='ocrx_word' id='word_1_249' title='bbox 111 3062 148 3115; x_wconf 79' lang='lat'><em>25</em></span> <span class='ocrx_word' id='word_1_250' title='bbox 164 3051 221 3114; x_wconf 82' lang='grc' dir='ltr'><em>καί</em></span> <span class='ocrx_word' id='word_1_251' title='bbox 245 3042 413 3132; x_wconf 82' lang='grc' dir='ltr'><em>μυστικὴν</em></span> <span class='ocrx_word' id='word_1_252' title='bbox 436 3041 555 3132; x_wconf 84' lang='grc' dir='ltr'><em>τριάδα</em></span> <span class='ocrx_word' id='word_1_253' title='bbox 576 3043 708 3130; x_wconf 86' lang='grc' dir='ltr'><em>πατρὸς</em></span> <span class='ocrx_word' id='word_1_254' title='bbox 729 3050 784 3113; x_wconf 88' lang='grc' dir='ltr'><em>καὶ</em></span> <span class='ocrx_word' id='word_1_255' title='bbox 807 3044 881 3113; x_wconf 87' lang='grc' dir='ltr'><em>υίοῦ</em></span> <span class='ocrx_word' id='word_1_256' title='bbox 902 3049 957 3114; x_wconf 87' lang='grc' dir='ltr'><em>καὶ</em></span> <span class='ocrx_word' id='word_1_257' title='bbox 980 3038 1079 3130; x_wconf 86' lang='grc' dir='ltr'><em>άγίου</em></span> <span class='ocrx_word' id='word_1_258' title='bbox 1093 3041 1286 3130; x_wconf 89' lang='grc' dir='ltr'><em>πνεύματος</em></span> <span class='ocrx_word' id='word_1_259' title='bbox 1301 3046 1346 3125; x_wconf 86' lang='grc' dir='ltr'><em>είς</em></span> <span class='ocrx_word' id='word_1_260' title='bbox 1369 3042 1477 3133; x_wconf 83' lang='grc' dir='ltr'><em>σωτή·</em></span> 
     </span>
     <span class='ocr_line' id='line_1_27' title="bbox 166 3138 1516 3263; baseline 0 -50"><span class='ocrx_word' id='word_1_261' title='bbox 166 3171 244 3232; x_wconf 91' lang='grc' dir='ltr'><em>ριον</em></span> <span class='ocrx_word' id='word_1_262' title='bbox 266 3147 386 3214; x_wconf 78' lang='grc' dir='ltr'><em>ἐλπίδα</em></span> <span class='ocrx_word' id='word_1_263' title='bbox 407 3141 463 3213; x_wconf 87' lang='grc' dir='ltr'><em>διά</em></span> <span class='ocrx_word' id='word_1_264' title='bbox 485 3149 546 3263; x_wconf 72' lang='grc' dir='ltr'><em>της</em></span> <span class='ocrx_word' id='word_1_265' title='bbox 570 3147 607 3212; x_wconf 85' lang='grc' dir='ltr'><em>ἐν</em></span> <span class='ocrx_word' id='word_1_266' title='bbox 630 3138 811 3230; x_wconf 82' lang='grc' dir='ltr'><em>Χριστῷ</em></span> <span class='ocrx_word' id='word_1_267' title='bbox 791 3139 1089 3230; x_wconf 82' lang='grc' dir='ltr'><em>αναγεννήσεωςγ</em></span> <span class='ocrx_word' id='word_1_268' title='bbox 1069 3172 1081 3209; x_wconf 88' lang='grc' dir='ltr'><em>ι</em></span> <span class='ocrx_word' id='word_1_269' title='bbox 1079 3138 1195 3227; x_wconf 69' lang='grc' dir='ltr'><em>ίτοῦ</em></span> <span class='ocrx_word' id='word_1_270' title='bbox 1218 3149 1301 3261; x_wconf 88' lang='grc' dir='ltr'><em>θεοῦ</em></span> <span class='ocrx_word' id='word_1_271' title='bbox 1322 3146 1516 3232; x_wconf 86' lang='grc' dir='ltr'><em>ἐκκλησία4</em></span> 
     </span>
     <span class='ocr_line' id='line_1_28' title="bbox 164 3233 1478 3361; baseline -0.002 -48"><span class='ocrx_word' id='word_1_272' title='bbox 164 3247 412 3330; x_wconf 83' lang='grc' dir='ltr'><em>παραλαβοῦσα</em></span> <span class='ocrx_word' id='word_1_273' title='bbox 434 3240 609 3328; x_wconf 86' lang='grc' dir='ltr'><em>φυλάττει.</em></span> <span class='ocrx_word' id='word_1_274' title='bbox 647 3271 703 3312; x_wconf 86' lang='grc' dir='ltr'><em>και</em></span> <span class='ocrx_word' id='word_1_275' title='bbox 727 3239 819 3312; x_wconf 82' lang='grc' dir='ltr'><em>τοῦτ’</em></span> <span class='ocrx_word' id='word_1_276' title='bbox 843 3234 886 3330; x_wconf 83' lang='lat'><em>33</em></span> <span class='ocrx_word' id='word_1_277' title='bbox 867 3241 953 3312; x_wconf 86' lang='grc' dir='ltr'><em>ντὸ</em></span> <span class='ocrx_word' id='word_1_278' title='bbox 981 3237 1188 3361; x_wconf 80' lang='grc' dir='ltr'><em>εῦαχχέλιον,</em></span> <span class='ocrx_word' id='word_1_279' title='bbox 1217 3233 1236 3307; x_wconf 89' lang='lat'><strong>3</strong></span> <span class='ocrx_word' id='word_1_280' title='bbox 1262 3240 1307 3329; x_wconf 79' lang='grc' dir='ltr'><em>μὴ</em></span> <span class='ocrx_word' id='word_1_281' title='bbox 1336 3241 1478 3330; x_wconf 84' lang='grc' dir='ltr'><em>θεμιτὸν</em></span> 
     </span>
     <span class='ocr_line' id='line_1_29' title="bbox 165 3276 1477 3431; baseline -0.002 -18.974"><span class='ocrx_word' id='word_1_282' title='bbox 165 3344 253 3413; x_wconf 90' lang='grc' dir='ltr'><em>είναι</em></span> <span class='ocrx_word' id='word_1_283' title='bbox 283 3349 529 3431; x_wconf 89' lang='grc' dir='ltr'><em>μετατίθεσθαι</em></span> <span class='ocrx_word' id='word_1_284' title='bbox 563 3343 674 3421; x_wconf 59' lang='lat'><strong>»34⁰</strong></span> <span class='ocrx_word' id='word_1_285' title='bbox 658 3370 774 3428; x_wconf 87' lang='grc' dir='ltr'><em>ετερον</em></span> <span class='ocrx_word' id='word_1_286' title='bbox 805 3276 1011 3429; x_wconf 79' lang='grc' dir='ltr'><em>εύάγγέλιον,</em></span> <span class='ocrx_word' id='word_1_287' title='bbox 1049 3332 1068 3407; x_wconf 89' lang='lat'><em>3</em></span> <span class='ocrx_word' id='word_1_288' title='bbox 1104 3335 1167 3410; x_wconf 86' lang='grc' dir='ltr'><em>οῦκ</em></span> <span class='ocrx_word' id='word_1_289' title='bbox 1199 3343 1290 3409; x_wconf 84' lang='grc' dir='ltr'><em>ἐστιν</em></span> <span class='ocrx_word' id='word_1_290' title='bbox 1321 3339 1424 3411; x_wconf 74' lang='grc' dir='ltr'><em>ἄλλοι</em></span> <span class='ocrx_word' id='word_1_291' title='bbox 1459 3335 1477 3410; x_wconf 91' lang='lat'><em>3</em></span> 
     </span>
     <span class='ocr_line' id='line_1_30' title="bbox 163 3437 1478 3563; baseline -0.001 -51"><span class='ocrx_word' id='word_1_292' title='bbox 163 3448 268 3531; x_wconf 87' lang='grc' dir='ltr'><em>μέγας</em></span> <span class='ocrx_word' id='word_1_293' title='bbox 295 3438 490 3523; x_wconf 86' lang='grc' dir='ltr'><em>άπύστολος</em></span> <span class='ocrx_word' id='word_1_294' title='bbox 520 3445 620 3511; x_wconf 85' lang='grc' dir='ltr'><em>είσέτι</em></span> <span class='ocrx_word' id='word_1_295' title='bbox 651 3447 749 3563; x_wconf 77' lang='grc' dir='ltr'><em>δεῦρο</em></span> <span class='ocrx_word' id='word_1_296' title='bbox 774 3437 942 3520; x_wconf 87' lang='grc' dir='ltr'><em>Γαλάταις</em></span> <span class='ocrx_word' id='word_1_297' title='bbox 972 3437 1185 3529; x_wconf 89' lang='grc' dir='ltr'><em>μαρτύρεται,</em></span> <span class='ocrx_word' id='word_1_298' title='bbox 1217 3437 1270 3509; x_wconf 83' lang='grc' dir='ltr'><em>διά</em></span> <span class='ocrx_word' id='word_1_299' title='bbox 1301 3446 1362 3528; x_wconf 76' lang='grc' dir='ltr'><em>τῆς</em></span> <span class='ocrx_word' id='word_1_300' title='bbox 1392 3440 1478 3527; x_wconf 86' lang='grc' dir='ltr'><em>πρὸς</em></span> 
     </span>
     <span class='ocr_line' id='line_1_31' title="bbox 110 3533 1478 3660; baseline -0.001 -48"><span class='ocrx_word' id='word_1_301' title='bbox 110 3560 148 3612; x_wconf 82' lang='grc'><em>30</em></span> <span class='ocrx_word' id='word_1_302' title='bbox 166 3538 295 3623; x_wconf 88' lang='grc' dir='ltr'><em>αῦτσῦς</em></span> <span class='ocrx_word' id='word_1_303' title='bbox 316 3544 499 3628; x_wconf 82' lang='grc' dir='ltr'><em>ἐπιστολῆς</em></span> <span class='ocrx_word' id='word_1_304' title='bbox 516 3546 619 3660; x_wconf 87' lang='grc' dir='ltr'><em>βοῷν</em></span> <span class='ocrx_word' id='word_1_305' title='bbox 652 3539 734 3610; x_wconf 72' lang='grc' dir='ltr'><em>»κᾶν</em></span> <span class='ocrx_word' id='word_1_306' title='bbox 760 3538 852 3629; x_wconf 76' lang='grc' dir='ltr'><em>ἡμεῖς</em></span> <span class='ocrx_word' id='word_1_307' title='bbox 882 3535 903 3628; x_wconf 86' lang='lat'><em>3</em></span> <span class='ocrx_word' id='word_1_308' title='bbox 935 3539 1074 3626; x_wconf 87' lang='grc' dir='ltr'><em>άγγελος</em></span> <span class='ocrx_word' id='word_1_309' title='bbox 1104 3542 1139 3623; x_wconf 77' lang='grc' dir='ltr'><em>ἐξ</em></span> <span class='ocrx_word' id='word_1_310' title='bbox 1170 3533 1317 3625; x_wconf 89' lang='grc' dir='ltr'><em>ούρανοῦ</em></span> <span class='ocrx_word' id='word_1_311' title='bbox 1347 3535 1478 3629; x_wconf 87' lang='grc' dir='ltr'><em>εύαγγε·</em></span> 
     </span>
     <span class='ocr_line' id='line_1_32' title="bbox 165 3633 1479 3729; baseline -0.003 -16"><span class='ocrx_word' id='word_1_312' title='bbox 165 3649 301 3729; x_wconf 77' lang='grc' dir='ltr'><em>λίζηται</em></span> <span class='ocrx_word' id='word_1_313' title='bbox 332 3635 416 3726; x_wconf 86' lang='grc' dir='ltr'><em>ύμᾶς</em></span> <span class='ocrx_word' id='word_1_314' title='bbox 445 3636 524 3725; x_wconf 82' lang='grc' dir='ltr'><em>παρ’</em></span> <span class='ocrx_word' id='word_1_315' title='bbox 556 3633 575 3709; x_wconf 93' lang='lat'><em>3</em></span> <span class='ocrx_word' id='word_1_316' title='bbox 606 3637 827 3725; x_wconf 89' lang='grc' dir='ltr'><em>παρελάβετε</em></span> <span class='ocrx_word' id='word_1_317' title='bbox 860 3635 1016 3725; x_wconf 79' lang='grc' dir='ltr'><em>ἀνάθεμα</em></span> <span class='ocrx_word' id='word_1_318' title='bbox 1046 3641 1165 3706; x_wconf 78' lang='grc' dir='ltr'><em>εστωι·</em></span> <span class='ocrx_word' id='word_1_319' title='bbox 1196 3635 1397 3725; x_wconf 86' lang='grc' dir='ltr'><em>πόρρωθεν,</em></span> <span class='ocrx_word' id='word_1_320' title='bbox 1431 3637 1479 3721; x_wconf 82' lang='grc' dir='ltr'><em>ῷς</em></span> 
     </span>
     <span class='ocr_line' id='line_1_33' title="bbox 165 3733 1477 3829; baseline -0.002 -19"><span class='ocrx_word' id='word_1_321' title='bbox 165 3739 269 3821; x_wconf 86' lang='grc' dir='ltr'><em>είκός,</em></span> <span class='ocrx_word' id='word_1_322' title='bbox 302 3738 421 3829; x_wconf 78' lang='grc' dir='ltr'><em>μηδὲ</em></span> <span class='ocrx_word' id='word_1_323' title='bbox 421 3737 603 3821; x_wconf 86' lang='grc' dir='ltr'><em>πισκάποις</em></span> <span class='ocrx_word' id='word_1_324' title='bbox 628 3737 704 3828; x_wconf 91' lang='grc' dir='ltr'><em>μηδ</em></span> <span class='ocrx_word' id='word_1_325' title='bbox 728 3739 887 3827; x_wconf 79' lang='grc' dir='ltr'><em>ἄρχουσιν</em></span> <span class='ocrx_word' id='word_1_326' title='bbox 909 3742 1024 3827; x_wconf 67' lang='grc' dir='ltr'><em>μηίδὲ&gt;</em></span> <span class='ocrx_word' id='word_1_327' title='bbox 1052 3733 1265 3819; x_wconf 89' lang='grc' dir='ltr'><em>διδασκάλοις</em></span> <span class='ocrx_word' id='word_1_328' title='bbox 1290 3744 1477 3827; x_wconf 78' lang='grc' dir='ltr'><em>προσέχειν,</em></span> 
     </span>
     <span class='ocr_line' id='line_1_34' title="bbox 164 3832 1478 3927; baseline -0.001 -18"><span class='ocrx_word' id='word_1_329' title='bbox 164 3846 194 3910; x_wconf 87' lang='grc' dir='ltr'><em>εί</em></span> <span class='ocrx_word' id='word_1_330' title='bbox 217 3839 281 3910; x_wconf 83' lang='grc' dir='ltr'><em>τὸν</em></span> <span class='ocrx_word' id='word_1_331' title='bbox 304 3835 417 3927; x_wconf 81' lang='grc' dir='ltr'><em>άληθη</em></span> <span class='ocrx_word' id='word_1_332' title='bbox 439 3844 501 3927; x_wconf 83' lang='grc' dir='ltr'><em>τῆς</em></span> <span class='ocrx_word' id='word_1_333' title='bbox 523 3846 671 3919; x_wconf 91' lang='grc' dir='ltr'><em>πίστεως</em></span> <span class='ocrx_word' id='word_1_334' title='bbox 694 3843 891 3924; x_wconf 80' lang='grc' dir='ltr'><em>διαστρέφοι</em></span> <span class='ocrx_word' id='word_1_335' title='bbox 914 3867 965 3919; x_wconf 88' lang='grc' dir='ltr'><em>τις</em></span> <span class='ocrx_word' id='word_1_336' title='bbox 995 3832 1111 3906; x_wconf 84' lang='grc' dir='ltr'><em>αύτῷν</em></span> <span class='ocrx_word' id='word_1_337' title='bbox 1139 3832 1257 3925; x_wconf 88' lang='grc' dir='ltr'><em>λόγον,</em></span> <span class='ocrx_word' id='word_1_338' title='bbox 1285 3836 1478 3909; x_wconf 87' lang='grc' dir='ltr'><em>διαστελλό-</em></span> 
     </span>
     <span class='ocr_line' id='line_1_35' title="bbox 163 3929 1529 4026; baseline -0.001 -18"><span class='ocrx_word' id='word_1_339' title='bbox 163 3965 276 4026; x_wconf 85' lang='grc' dir='ltr'><em>μενος.</em></span> <span class='ocrx_word' id='word_1_340' title='bbox 300 3933 444 4019; x_wconf 76' lang='grc' dir='ltr'><em>τίςδ’</em></span> <span class='ocrx_word' id='word_1_341' title='bbox 428 3966 472 4025; x_wconf 92' lang='grc' dir='ltr'><em>ην</em></span> <span class='ocrx_word' id='word_1_342' title='bbox 495 3929 596 4018; x_wconf 88' lang='grc' dir='ltr'><em>οῦτσς</em></span> <span class='ocrx_word' id='word_1_343' title='bbox 618 3934 671 4026; x_wconf 65' lang='grc' dir='ltr'><em>(ἢ)</em></span> <span class='ocrx_word' id='word_1_344' title='bbox 695 3934 822 4008; x_wconf 87' lang='grc' dir='ltr'><em>ὁθεὸν</em></span> <span class='ocrx_word' id='word_1_345' title='bbox 844 3943 976 4023; x_wconf 80' lang='grc' dir='ltr'><em>πατέρα</em></span> <span class='ocrx_word' id='word_1_346' title='bbox 998 3932 1306 4005; x_wconf 81' lang='grc' dir='ltr'><em>είδίναιδιδάσκων</em></span> <span class='ocrx_word' id='word_1_347' title='bbox 1327 3941 1435 4006; x_wconf 83' lang='grc' dir='ltr'><em>καὶ</em></span> <span class='ocrx_word' id='word_1_348' title='bbox 1404 3937 1529 4017; x_wconf 77' lang='lat'><strong>313313</strong></span> 
     </span>
    </p>
   </div>
   <div class='ocr_carea' id='block_1_3' title="bbox 164 4146 1476 4319">
    <p class='ocr_par' dir='ltr' id='par_1_3' title="bbox 164 4146 1476 4319">
     <span class='ocr_line' id='line_1_36' title="bbox 256 4146 1476 4215; baseline -0.001 -11"><span class='ocrx_word' id='word_1_349' title='bbox 256 4151 270 4204; x_wconf 90' lang='lat'>1</span> <span class='ocrx_word' id='word_1_350' title='bbox 292 4148 353 4203; x_wconf 75' lang='grc' dir='ltr'><em>σα</em></span> <span class='ocrx_word' id='word_1_351' title='bbox 364 4152 414 4213; x_wconf 85' lang='lat'><em>1‚8</em></span> <span class='ocrx_word' id='word_1_352' title='bbox 431 4180 464 4188; x_wconf 92' lang='grc'><strong>-</strong></span> <span class='ocrx_word' id='word_1_353' title='bbox 483 4150 502 4205; x_wconf 82' lang='grc' dir='ltr'><em>ε</em></span> <span class='ocrx_word' id='word_1_354' title='bbox 521 4150 691 4215; x_wconf 69' lang='lat' dir='ltr'>Gal.1,9-</span> <span class='ocrx_word' id='word_1_355' title='bbox 710 4148 725 4204; x_wconf 87' lang='grc' dir='ltr'><em>ι</em></span> <span class='ocrx_word' id='word_1_356' title='bbox 744 4148 842 4202; x_wconf 71' lang='lat' dir='ltr'><strong>matth.</strong></span> <span class='ocrx_word' id='word_1_357' title='bbox 856 4150 897 4213; x_wconf 77' lang='grc' dir='ltr'><em>τε,</em></span> <span class='ocrx_word' id='word_1_358' title='bbox 910 4150 942 4203; x_wconf 82' lang='lat'><em>19</em></span> <span class='ocrx_word' id='word_1_359' title='bbox 960 4178 993 4186; x_wconf 95' lang='lat'>-</span> <span class='ocrx_word' id='word_1_360' title='bbox 1014 4147 1073 4203; x_wconf 80' lang='grc'><em>141</em></span> <span class='ocrx_word' id='word_1_361' title='bbox 1087 4146 1149 4201; x_wconf 81' lang='lat' dir='ltr'><strong>Joh.</strong></span> <span class='ocrx_word' id='word_1_362' title='bbox 1163 4147 1373 4207; x_wconf 61' lang='lat' dir='ltr'><strong>mus-17</strong></span> <span class='ocrx_word' id='word_1_363' title='bbox 1394 4149 1476 4203; x_wconf 74' lang='lat' dir='ltr'>Hebr.</span> 
     </span>
     <span class='ocr_line' id='line_1_37' title="bbox 164 4248 1407 4319; baseline -0.002 -12"><span class='ocrx_word' id='word_1_364' title='bbox 164 4250 498 4319; x_wconf 71' lang='lat' dir='ltr'><strong>5,12.13—2033m.</strong></span> <span class='ocrx_word' id='word_1_365' title='bbox 518 4252 601 4317; x_wconf 72' lang='grc' dir='ltr'><em>τετε</em></span> <span class='ocrx_word' id='word_1_366' title='bbox 621 4284 649 4292; x_wconf 96' lang='grc'>-</span> <span class='ocrx_word' id='word_1_367' title='bbox 669 4251 706 4305; x_wconf 78' lang='grc' dir='ltr'><em>ετ</em></span> <span class='ocrx_word' id='word_1_368' title='bbox 725 4249 785 4303; x_wconf 77' lang='grc' dir='ltr'><em>σα.</em></span> <span class='ocrx_word' id='word_1_369' title='bbox 804 4252 854 4313; x_wconf 72' lang='lat'><em>35</em></span> <span class='ocrx_word' id='word_1_370' title='bbox 871 4279 905 4288; x_wconf 95' lang='lat'><em>-</em></span> <span class='ocrx_word' id='word_1_371' title='bbox 925 4251 963 4305; x_wconf 73' lang='grc' dir='ltr'><em>τε</em></span> <span class='ocrx_word' id='word_1_372' title='bbox 983 4249 1043 4303; x_wconf 67' lang='grc' dir='ltr'><em>εει.</em></span> <span class='ocrx_word' id='word_1_373' title='bbox 1064 4251 1085 4313; x_wconf 83' lang='grc' dir='ltr'><em>ι,</em></span> <span class='ocrx_word' id='word_1_374' title='bbox 1099 4251 1148 4303; x_wconf 78' lang='grc' dir='ltr'><em>ετ</em></span> <span class='ocrx_word' id='word_1_375' title='bbox 1168 4278 1198 4286; x_wconf 87' lang='grc'>-</span> <span class='ocrx_word' id='word_1_376' title='bbox 1218 4249 1255 4302; x_wconf 81' lang='grc' dir='ltr'><em>ιο</em></span> <span class='ocrx_word' id='word_1_377' title='bbox 1275 4248 1334 4302; x_wconf 72' lang='grc' dir='ltr'><em>οτι,</em></span> <span class='ocrx_word' id='word_1_378' title='bbox 1354 4251 1407 4315; x_wconf 83' lang='lat'><em>1,8</em></span> 
     </span>
    </p>
   </div>
   <div class='ocr_carea' id='block_1_4' title="bbox 163 4445 1477 4728">
    <p class='ocr_par' dir='ltr' id='par_1_4' title="bbox 163 4445 1477 4728">
     <span class='ocr_line' id='line_1_38' title="bbox 251 4445 1477 4552; baseline -0.003 -42"><span class='ocrx_word' id='word_1_379' title='bbox 251 4453 293 4510; x_wconf 77' lang='grc' dir='ltr'><em>ὀί</em></span> <span class='ocrx_word' id='word_1_380' title='bbox 308 4449 541 4521; x_wconf 76' lang='grc' dir='ltr'><em>εὐαγγελίζεσθαι</em></span> <span class='ocrx_word' id='word_1_381' title='bbox 560 4446 629 4505; x_wconf 78' lang='grc' dir='ltr'><em>ἄλλο</em></span> <span class='ocrx_word' id='word_1_382' title='bbox 648 4448 814 4552; x_wconf 76' lang='grc' dir='ltr'><em>εὐαγγέλιον</em></span> <span class='ocrx_word' id='word_1_383' title='bbox 830 4450 866 4503; x_wconf 85' lang='lat' dir='ltr'><em>Kl</em></span> <span class='ocrx_word' id='word_1_384' title='bbox 880 4451 935 4519; x_wconf 80' lang='lat' dir='ltr'>vgl.</span> <span class='ocrx_word' id='word_1_385' title='bbox 948 4468 976 4504; x_wconf 90' lang='lat' dir='ltr'><strong>m</strong></span> <span class='ocrx_word' id='word_1_386' title='bbox 996 4451 1000 4518; x_wconf 94' lang='grc' dir='ltr'>Ι</span> <span class='ocrx_word' id='word_1_387' title='bbox 1023 4445 1131 4517; x_wconf 76' lang='lat' dir='ltr'><strong>33V0</strong></span> <span class='ocrx_word' id='word_1_388' title='bbox 1146 4454 1149 4514; x_wconf 92' lang='grc' dir='ltr'>Ι</span> <span class='ocrx_word' id='word_1_389' title='bbox 1167 4449 1244 4503; x_wconf 61' lang='lat'><em>1511</em></span> <span class='ocrx_word' id='word_1_390' title='bbox 1262 4457 1295 4507; x_wconf 96' lang='grc'>&lt;</span> <span class='ocrx_word' id='word_1_391' title='bbox 1308 4467 1335 4502; x_wconf 87' lang='lat' dir='ltr'><strong>m</strong></span> <span class='ocrx_word' id='word_1_392' title='bbox 1350 4451 1354 4517; x_wconf 84' lang='grc' dir='ltr'>Ι</span> <span class='ocrx_word' id='word_1_393' title='bbox 1371 4450 1410 4505; x_wconf 74' lang='lat'><em>24</em></span> <span class='ocrx_word' id='word_1_394' title='bbox 1430 4449 1477 4506; x_wconf 82' lang='grc' dir='ltr'><em>αὐ-</em></span> 
     </span>
     <span class='ocr_line' id='line_1_39' title="bbox 164 4543 1476 4624; baseline -0.005 -12"><span class='ocrx_word' id='word_1_395' title='bbox 164 4556 253 4612; x_wconf 80' lang='grc' dir='ltr'><em>τόθεν</em></span> <span class='ocrx_word' id='word_1_396' title='bbox 270 4555 318 4609; x_wconf 82' lang='grc' dir='ltr'><em>Μο</em></span> <span class='ocrx_word' id='word_1_397' title='bbox 337 4550 458 4609; x_wconf 58' lang='grc' dir='ltr'><em>αὐτῶν</em></span> <span class='ocrx_word' id='word_1_398' title='bbox 482 4555 486 4619; x_wconf 94' lang='grc' dir='ltr'>Ι</span> <span class='ocrx_word' id='word_1_399' title='bbox 511 4553 547 4606; x_wconf 78' lang='grc'><em>27</em></span> <span class='ocrx_word' id='word_1_400' title='bbox 574 4543 699 4606; x_wconf 63' lang='lat' dir='ltr'><em>&amp;mr</em></span> <span class='ocrx_word' id='word_1_401' title='bbox 668 4572 702 4606; x_wconf 90' lang='grc' dir='ltr'><em>σν</em></span> <span class='ocrx_word' id='word_1_402' title='bbox 721 4552 743 4607; x_wconf 89' lang='lat' dir='ltr'>V</span> <span class='ocrx_word' id='word_1_403' title='bbox 768 4556 772 4617; x_wconf 93' lang='grc'><strong>1</strong></span> <span class='ocrx_word' id='word_1_404' title='bbox 797 4552 836 4607; x_wconf 77' lang='lat'><em>28</em></span> <span class='ocrx_word' id='word_1_405' title='bbox 856 4544 1105 4622; x_wconf 72' lang='lat' dir='ltr'><strong>8103v²1330]</strong></span> <span class='ocrx_word' id='word_1_406' title='bbox 1138 4557 1170 4615; x_wconf 70' lang='grc' dir='ltr'><em>-ί-</em></span> <span class='ocrx_word' id='word_1_407' title='bbox 1188 4544 1228 4614; x_wconf 78' lang='grc' dir='ltr'><em>ὼς</em></span> <span class='ocrx_word' id='word_1_408' title='bbox 1247 4549 1284 4602; x_wconf 86' lang='lat' dir='ltr'><em>V²</em></span> <span class='ocrx_word' id='word_1_409' title='bbox 1304 4556 1307 4615; x_wconf 92' lang='grc' dir='ltr'>Ι</span> <span class='ocrx_word' id='word_1_410' title='bbox 1329 4551 1367 4605; x_wconf 75' lang='lat'><em>23</em></span> <span class='ocrx_word' id='word_1_411' title='bbox 1383 4553 1476 4624; x_wconf 84' lang='grc' dir='ltr'><em>δεῦρο]</em></span> 
     </span>
     <span class='ocr_line' id='line_1_40' title="bbox 163 4650 732 4728; baseline -0.012 -17"><span class='ocrx_word' id='word_1_412' title='bbox 163 4656 299 4728; x_wconf 83' lang='grc' dir='ltr'><em>δειτερον</em></span> <span class='ocrx_word' id='word_1_413' title='bbox 317 4653 434 4721; x_wconf 72' lang='lat' dir='ltr'>m1182</span> <span class='ocrx_word' id='word_1_414' title='bbox 453 4651 523 4721; x_wconf 74' lang='grc' dir='ltr'><em>μηδὲ</em></span> <span class='ocrx_word' id='word_1_415' title='bbox 541 4653 643 4720; x_wconf 80' lang='lat' dir='ltr'><strong>ml34</strong></span> <span class='ocrx_word' id='word_1_416' title='bbox 661 4650 678 4720; x_wconf 85' lang='lat'><em>3</em></span> <span class='ocrx_word' id='word_1_417' title='bbox 697 4652 732 4706; x_wconf 88' lang='lat' dir='ltr'><em>Kl</em></span> 
     </span>
    </p>
   </div>
   <div class='ocr_carea' id='block_1_5' title="bbox 1231 4740 1264 4789">
    <p class='ocr_par' dir='ltr' id='par_1_5' title="bbox 1231 4740 1264 4789">
     <span class='ocr_line' id='line_1_41' title="bbox 1231 4740 1264 4789; baseline 0 -16"><span class='ocrx_word' id='word_1_418' title='bbox 1231 4740 1264 4789; x_wconf 69' lang='lat'><em>1*</em></span> 
     </span>
    </p>
   </div>
   <div class='ocr_carea' id='block_1_6' title="bbox 0 0 1868 5508">
    <p class='ocr_par' dir='ltr' id='par_1_6' title="bbox 0 0 1868 5508">
     <span class='ocr_line' id='line_1_42' title="bbox 0 0 1868 5508; baseline 0 2"><span class='ocrx_word' id='word_1_419' title='bbox 0 0 1868 5508; x_wconf 95' lang='lat' dir='ltr'><em> </em></span> 
     </span>
    </p>
   </div>
  </div>
 </body>
</html>
