3698 5510
555 461 590 517 δε
606 460 793 516 ecelesiastica
809 461 952 532 theologia
969 463 996 516 Π
1014 463 1123 518 16-18.
1433 468 1490 530 121

188 628 240 694 καὶ
263 620 369 743 φάναι
391 629 455 695 τοῦ
474 621 554 714 παρ’
574 633 579 713 Ι
599 621 678 716 ῆμΙν
695 621 800 749 λόγου
820 631 952 712 πατέρα
973 625 1059 697 είναι
1078 623 1141 697 τὸν
1156 631 1249 709 νοῦν,
1273 624 1392 715 ἕτερον
1406 616 1493 695 όντα
1512 635 1571 692 128

187 721 278 811 παρὰ
299 721 363 794 τόν
384 720 498 813 λόγον.
541 723 604 797 τόν
624 732 686 816 μέν
708 725 770 815 γὰρ
792 731 885 810 νοῦν,
909 718 1002 808 ὅστις
1023 731 1111 797 ποτέ
1131 730 1186 796 καὶ
1213 719 1333 808 όποιος
1354 716 1407 795 ῶν
1428 723 1494 814 τῆν

188 817 346 894 0666‘
324 820 479 913 υπόρχει,
504 819 613 907 σῦδείς
633 824 780 897 πῶποτε
801 820 1044 916 ἀνθρώπων”
1028 852 1130 913 εγνω,
1152 819 1357 909 βασιλεὺςδ>
1380 823 1436 896 οἶα
1457 827 1495 896 έν

188 915 394 1012 ἀπορρήτοις
415 928 494 995 είσω
516 942 590 1007 τοῖς
610 920 718 996 αῦτοῦ
739 932 888 1013 ταμείοις
911 923 1142 1015 ἱδρυμένος
1105 954 1148 996 τα
1166 929 1320 1012 πρακτέα
1340 921 1493 1012 βουλεύε-

157 1032 253 1092 1ται·
276 1015 352 1093 δδ
373 1019 537 1110 έξαῦτοῦ
557 1020 658 1114 λόγος
680 1023 735 1096 σία
749 1023 881 1113 πατρὸς
902 1020 1097 1112 έξάδῦτων
1119 1029 1236 1112 μυχῶν
1247 1028 1493 1144 γεγεννημένος

188 1138 259 1203 τοῖς
273 1120 372 1205 έκτὸς
386 1128 492 1195 πᾶσιν
510 1130 716 1196 καθίσταται
730 1123 908 1214 γνῶριμος.
944 1119 1008 1196 είθ
1031 1127 1064 1195 οί
1085 1128 1147 1212 μέν
1161 1128 1199 1194 έκ
1221 1130 1283 1213 τῆς
1304 1129 1367 1194 τοῦ
1389 1120 1527 1211 λόγουὸ

187 1218 500 1311 μεταλαμβάνουσιν
520 1219 696 1310 ω’φελείας,
719 1221 784 1296 τόν
806 1219 838 1295 δ’
861 1217 975 1313 ἀφανῆ
997 1228 1053 1295 καὶ
1076 1219 1228 1311 ἀόρατον
1250 1229 1343 1307 νοῦν,
1366 1220 1431 1294 τὸν
1451 1221 1492 1312 δὴ

187 1326 249 1391 τοῦ
269 1316 376 1410 λόγου
396 1327 537 1412 πατέρα,
560 1319 669 1406 οὐδεὶς
689 1322 834 1395 πῶποτε
856 1322 952 1394 είδεν.
994 1321 1082 1394 κατὰ
1104 1320 1148 1394 τὰ
1170 1317 1257 1393 αῦτὰ
1279 1320 1334 1412 δῆ,
1361 1328 1528 1413 μῦλλονθ

187 1415 219 1490 δ>
239 1425 398 1492 έπέκεινα
418 1419 529 1512 πόσης
550 1419 684 1506 εἰκόνος
706 1451 743 1493 τε
764 1428 818 1493 καὶ
835 1426 1115 1511 παραδείγματος,
1138 1417 1157 1493 ό
1181 1428 1244 1494 τοῦ
1257 1428 1495 1512 παμβασιλέως

143 1534 173 1589 10
187 1525 270 1593 θεοῦ
294 1526 424 1604 τέλειος
445 1517 561 1609 λόγος,
592 1519 634 1595 06
659 1520 747 1594 κατά
774 1519 837 1593 τόν
858 1521 1077 1611 προφορικὸν
1097 1518 1300 1609 ἀνθρώπων
1321 1518 1428 1610 λόγον
1458 1524 1495 1591 έκ

186 1628 367 1706 συλλαβῶν
386 1629 443 1692 καὶ
464 1618 629 1711 ῥημάτων
649 1628 705 1694 καὶ
728 1615 912 1711 όνσμότων
934 1630 1156 1712 συγκείμενος,
1179 1621 1235 1693 οία
1257 1625 1293 1692 δὲ
1306 1618 1495 1711 μονογενὴς

186 1725 249 1791 τοῦ
269 1725 358 1792 θεοῦ
377 1719 450 1803 υίὸς
473 1728 544 1808 ζῶν
564 1727 620 1792 καὶ
640 1717 796 1809 δφεστῶς
817 1716 970 1809 πρόεισιν
991 1727 1054 1811 μέν
1068 1727 1130 1812 τῆς
1143 1726 1311 1810 πατρικῆς
1325 1716 1496 1808 θεότητός

187 1825 302 1891 τεκαὶ
329 1828 510 1905 βασιλείας,
541 1816 678 1912 έπάρδει
707 1826 745 1892 δὲ
771 1827 822 1909 τῷ
845 1818 1015 1909 σῦμπαντι
1035 1817 1152 1911 κόσμῳ
1175 1820 1236 1902 τὰς
1257 1824 1292 1907 έξ
1313 1815 1421 1892 αὐτοῦ
1441 1847 1495 1909 χο·

186 1926 317 2008 ρηγίας,
349 1925 438 2009 ζωῆς
467 1928 525 1992 καὶ
554 1919 660 2009 λόγου
688 1928 744 1991 καί
770 1928 892 2007 σοφίας
912 1926 968 1991 καί
991 1918 1110 2008 φωτός
1130 1928 1187 1992 καὶ
1208 1916 1340 2003 παντὸς
1362 1914 1497 2008 ἀγαθοῦ

141 2034 171 2089 15
186 2025 364 2107 μετουσίας
386 2036 460 2101 τοῖς
480 2038 638 2109 γενητοῖς
659 2012 786 2092 ἀπασιν
806 2018 1047 2110 έπιλιμνάζων,
1078 2025 1143 2093 τοῦ
1171 2019 1303 2109 πατρὸς
1328 2026 1385 2091 καὶ
1411 2025 1497 2091 θεοῦ

186 2124 262 2189 τῶν
293 2110 389 2189 όλων
417 2122 572 2191 έπέκεινα
602 2113 705 2203 ὄντος
734 2114 891 2209 ἀλήπτου
921 2149 958 2191 τε
988 2127 1045 2191 καὶ
1075 2117 1257 2212 ἀχωρῆτου
1286 2136 1360 2203 τοις
1381 2123 1495 2202 πᾶσιν,

185 2216 276 2289 κατὰ
307 2216 369 2290 τόν
400 2214 513 2308 ἀφανῆ
544 2226 600 2289 καὶ
631 2216 782 2310 ἀόρατον
813 2227 909 2303 νοῦν,
944 2215 1023 2307 παρ’
1055 2212 1074 2290 6
1100 2228 1157 2291 καὶ
1188 2225 1282 2305 »φῶς
1307 2223 1362 2291 70¹
1389 2222 1497 2290 οἰκῶν

185 2313 395 2407 ἀπρόσιτον(
420 2323 581 2389 λέλεκται.
624 2314 699 2391 ἀλλ’
722 2313 742 2388 6
771 2324 833 2408 μέν
863 2314 1051 2406 ἀπρόσιτος
1079 2325 1136 2390 καὶ
1167 2313 1345 2407 ἀχῶρητσς
1375 2320 1426 2406 είη
1453 2313 1530 2388 667

186 2434 262 2500 τοῖς
283 2420 388 2487 πᾶσιν
409 2411 429 2485 6
451 2415 575 2507 πατῆρ,
598 2411 677 2490 666
699 2436 772 2501 τοῖς
793 2424 897 2491 πᾶσιν
918 2422 1054 2508 έγγίων,
1082 2410 1144 2490 ἅτε
1170 2416 1210 2535 δῆ
1232 2415 1276 2488 τὰ
1298 2413 1413 2488 πάντα
1434 2445 1497 2488 πα-

139 2532 171 2587 20
185 2521 296 2605 τρικῶ
327 2514 467 2604 νεύματι
496 2523 726 2607 διακυβερνῶν
756 2516 822 2608 (διὸ
850 2547 891 2590 ου
881 2513 987 2606 ’περὶ
1010 2522 1073 2590 τοῦ
1093 2513 1238 2602 πατρός,
1269 2521 1347 2604 περὶ
1377 2521 1413 2586 δὲ
1435 2521 1498 2587 τοῦ

184 2618 265 2687 υίοῦ
286 2621 442 2693 λέλεκται
463 2613 543 2685 τὸ»
529 2620 585 2687 »έν
599 2622 650 2706 τῷ
672 2614 789 2707 κόσμῳ
805 2609 857 2708 ῆν,
878 2625 935 2688 καί
958 2613 1117 2705 δκόσμος
1132 2611 1178 2686 δι’
1194 2611 1497 2704 αῦτοῦέγένετοιγ·

184 2721 240 2786 καὶ
259 2707 355 2804 δμέν
369 2707 566 2788 ίπέκεινα
547 2744 590 2836 ην
611 2723 686 2788 τῶν
708 2709 801 2788 όλων
821 2725 878 2788 καὶ
899 2713 984 2804 ῦπέρ
1006 2712 1121 2787 πάντα
1143 2722 1236 2801 »φῶς
1251 2710 1394 2786 σίκῶν’
1373 2710 1497 2803 απρόσ·

185 2842 300 2900 nov«,
328 2808 349 2884 6
376 2819 412 2886 66
438 2812 494 2886 δια
516 2812 662 2888 πάντων
682 2823 739 2888 καὶ
765 2822 803 2889 έν
823 2821 928 2888 πᾶσιν
948 2822 1151 2937 κηδεμονικῇ
1182 2810 1311 2903 διῆκαν
1340 2821 1497 2905 προναία,

187 2910 235 2997 ῶς
259 2912 347 2986 κατὰ
370 2918 476 2986 τοῦτο
497 2911 607 3001 μόνον
621 2911 714 3005 αῦτῳ
697 2912 981 3005 συμβάλλεσθαι
997 2914 1061 3005 τὴν
1075 2941 1139 2985 του
1123 2910 1374 3003 ’ἀνθρωπείου
1392 2911 1500 3004 λόγου

138 3031 170 3087 25
186 3009 312 3086 εἰκόνα
362 3009 451 3085 ἀλλὰ
481 3012 544 3102 γὰρ
575 3013 713 3087 τούτων
743 3013 823 3107 ῆμίν
853 3011 1160 3104 ἀποδεδειγμένων,
1196 3010 1285 3096 είκός
1317 3041 1395 3085 τινα
1425 3020 1499 3085 τῶν

185 3118 398 3202 φιλομαθῶν
418 3117 566 3201 έρωτᾶν·

272 3217 314 3287 18
335 3211 389 3283 διὰ
411 3217 503 3284 τίδὲ
524 3212 588 3286 τὸν
608 3220 776 3305 μονογενῆ
798 3213 874 3286 υίὸν
895 3221 959 3286 τοῦ
979 3218 1064 3287 θεοῦ
1086 3208 1271 3334 ἀρχόμενος
1292 3217 1354 3302 τῆς
1377 3213 1499 3284 ἑαυτοῦ
1516 3253 1561 3310 66
1585 3254 1613 3309 vl
1637 3253 1683 3309 6

185 3317 322 3435 γραφῆς
343 3340 362 3382 ο
352 3305 629 3434 ‘666666626666
650 3312 756 3404 λόγον
778 3310 1015 3404 ἀνεφῶνησεν;
1040 3311 1127 3401 πρὸς
1149 3305 1190 3383 όν
1211 3305 1394 3400 έρσῦμεν“
1375 3341 1430 3383 οτι
1444 3310 1499 3384 διὰ
1519 3323 1576 3379 129
1632 3340 1685 3390 γον

186 3412 253 3496 τὰς
287 3408 525 3499 ἀνακρόπτους
557 3410 665 3486 πάλαι
695 3422 771 3504 περὶ
801 3412 908 3485 αὐτοῦ
937 3418 1155 3501 προφητείας.
1207 3408 1342 3499 έπειδῆ
1353 3409 1488 3499 γὰρφ
1445 3415 1488 3497 έφ
1489 3386 1684 3513 ἕζόξῧζεᾎ

139 3527 172 3582 30
187 3507 323 3601 ἑκάστῳ
344 3507 508 3600 προφῆτη
533 3510 662 3634 »λόγος
690 3507 858 3603 κυρίου“
840 3543 878 3595 σς
908 3508 1072 3633 έγενῆθηι
1105 3515 1187 3599 φέρε
1220 3508 1324 3598 »πρὸς
1343 3504 1496 3581 Ἠσαίαν(
1533 3523 1584 3581 εει
1622 3528 1673 3581 ιιι

187 3582 321 3701 εἴρηται
349 3617 407 3681 καί
419 3606 547 3732 ιάρχῆ
578 3609 682 3701 λόγου
710 3621 830 3702 κυρίου
859 3617 897 3684 έν
926 3608 1038 3700 Ὠσηέι
1071 3617 1126 3681 καὶ
1159 3607 1279 3697 »λόγος
1307 3617 1427 3697 κυρίου
1463 3601 1500 3692 ὃς
1518 3595 1584 3662 π’ςί
1621 3591 1686 3676 011

187 3707 337 3801 έγευῆθη
365 3707 452 3798 πρὸς
472 3705 586 3800 Ἰωῆλι
617 3717 674 3783 καὶ
709 3716 861 3802 »ἐγένετο
888 3709 990 3801 λόγος
1010 3717 1129 3799 κυρίου
1158 3707 1246 3798 πρὸς
1266 3704 1413 3791 Ἰωνᾶνι,
1444 3716 1500 3779 καὶ
1517 3665 1687 3783 ἳ1111ἀόόῆς

190 3808 299 3901 »πρὸς
321 3818 485 3898 Μιχαίανι
510 3804 645 3900 δμοίως,
667 3816 724 3881 καὶ
744 3810 832 3902 πρὸς
853 3811 935 3894 τοῦς
957 3809 1099 3894 λοιποὺς
1119 3805 1302 3898 προφῆτας
1323 3820 1501 3925 παραπλη·
1546 3800 1665 3867 γραφῆς

189 3904 348 3997 σίωςέφ’
371 3905 504 3999 ἑκάστῳ
525 3907 689 4002 προφῆτη
710 3908 751 3982 τὸ
774 3914 907 4001 ἐγένετο
929 3916 1130 4001 προσέκειτο
1152 3913 1227 3998 (τῆς
1249 3914 1347 3989 θείας
1369 3911 1501 4025 γραφῆς

139 4023 172 4079 31
189 4006 339 4097 ἀκριβῶς
360 4014 416 4080 καί
438 4005 631 4098 ἀναγκαίως
652 4007 999 4100 έπισημαινομένης(
969 4041 1018 4094 ως
1033 4013 1072 4081 ἐν
1085 4003 1197 4081 οῦδενὶ
1219 4012 1294 4078 τῶν
1307 4012 1502 4096 προφητῶν

281 4229 531 4295 17Ι11ω6,16
556 4260 590 4270 -
616 4230 880 4297 211011.1,10-
907 4226 1210 4296 221'rim.6‚16—
1233 4225 1501 4292 8011111111-

192 4329 1170 4398 ⁸1noa.1‚2-J0011‚1-32J0n61‚1-88Mich61,1

280 4532 318 4588 lo
336 4528 423 4603 έγγίω
441 4532 490 4600 V*,
508 4548 577 4587 corr.
596 4532 635 4585 V²
665 4532 671 4602 1
703 4532 743 4588 20
772 4528 889 4600 νεύματι
907 4530 949 4586 Ga
975 4530 1032 4600 vgl.
1050 4530 1076 4584 S.
1095 4529 1186 4595 1561
1210 4525 1394 4596 nve6uauV
1425 4527 1431 4595 Ι
1463 4524 1504 4581 24

193 4631 282 4688 αὐτὸν
299 4632 333 4699 V,
350 4649 419 4688 corr.
438 4633 485 4689 Μο
517 4636 521 4703 Ι
555 4633 594 4690 θθ
612 4628 731 4707 ἑκάστῳ]
751 4640 783 4697 -1-
802 4634 903 4703 σχεδδν
919 4632 966 4688 Mo
998 4635 1003 4701 Ι
1035 4630 1075 4687 84
1093 4628 1126 4685 ιδ
1146 4630 1184 4684 V²
1199 4648 1231 4686 τε
1249 4628 1290 4683 V*
