3728 5508
347 466 387 528 40
938 458 1071 515 Eusebius

409 626 439 693 εί
460 631 579 694 τοίνυν
601 628 707 694 τοῦτο
728 619 893 705 πιστεύοι,
916 616 1044 710 ἀνάγκη
1066 616 1175 695 αῦτόν
1195 618 1330 696 κάκεῖνο
1345 635 1587 714 συνομολογεῖν
1602 616 1658 694 ότι
1675 641 1709 696 27

306 748 308 752 “
408 720 501 812 πλὴν
522 728 608 793 θεοῦ
629 717 729 792 οῦδὲν
750 721 868 810 ἕτερον
883 711 934 809 ἢν.
964 720 1053 809 είχεν
1067 714 1130 794 οῦν
1146 721 1212 811 τὴν
1226 728 1354 795 οἰκείαν
1375 720 1479 811 δόξαν
1501 718 1521 795 ό
1543 720 1656 812 λόγος,

408 813 460 892 ἀιν
481 825 591 910 ἐντῷ
613 828 725 908 πατρί.

346 926 403 991 καὶ
425 926 533 992 ταῦτα
555 920 665 991 είπών
686 915 803 1008 ἐπάγει
823 914 900 1009 μεθ’
926 921 1025 1007 ἕτερα
1673 931 1709 988 28

311 1035 328 1089 5
408 1024 477 1106 (Nr.
498 1028 551 1106 93)
582 1017 648 1108 τὴν
678 1025 838 1093 δοθεῖσαν
860 1015 955 1110 αῦτῷ
977 1024 1130 1107 ἐξουσίαν
1150 1016 1317 1109 Ἀστέριος
1342 1019 1463 1105 δόξαν
1489 1016 1656 1112 ὀνομάζει,

408 1126 463 1192 καὶ
486 1115 527 1191 οῦ
549 1115 653 1205 δόξαν
674 1117 783 1208 μόνον
805 1116 970 1192 ἀλλὰκαὶ
991 1116 1243 1208 προκόσμιον
1269 1118 1404 1208 δόξαν,
1436 1116 1499 1193 οῦκ
1523 1125 1657 1193 ἐννοῶν

409 1213 464 1291 ότι
484 1216 589 1310 μήπω
605 1224 669 1290 τοῦ
682 1215 810 1308 κόσμου
825 1216 1009 1308 γεγονότος
1024 1215 1124 1291 οῦδὲν
1139 1220 1257 1309 ἕτερον
1271 1213 1316 1310 ἦν
1329 1220 1421 1312 πλὴν
1440 1226 1526 1293 θεοῦ
1540 1217 1657 1310 μόνου.

345 1315 441 1390 τοῦτ’
473 1318 581 1390 είπών
611 1315 812 1409 Μάρκελλος
842 1326 898 1391 καὶ
928 1315 993 1390 τόν
1021 1316 1098 1391 υἱόν
1128 1316 1169 1391 δι’
1203 1315 1320 1392 αῦτῶν
1355 1316 1655 1410 ἀπαρακαλύπτως
1671 1333 1707 1388 23

345 1413 589 1508 ἀρνησάμενος,
620 1420 675 1489 ἵνα
705 1413 790 1506 ἡμᾶς
822 1415 968 1507 ἀκριβῶς
995 1426 1094 1508 πείση
1125 1413 1250 1492 όποῑον
1271 1421 1357 1492 εἶναι
1378 1418 1442 1492 τόν
1463 1417 1571 1509 λόγον
1592 1425 1655 1491 τοῦ

293 1528 327 1584 10
343 1524 432 1589 θεοῦ
455 1514 605 1606 ἐφρόνει,
632 1523 843 1604 σαφέστερον
868 1523 1021 1606 ἐμφαίνει
1048 1517 1113 1609 τὴν
1134 1516 1289 1592 διάνοιαν
1311 1527 1363 1610 τῷ
1386 1515 1536 1610 ἡμετέρῳ
1560 1515 1654 1609 λόγῳ

343 1613 536 1705 ἀπεικάζων
558 1613 675 1700 αὐτόν,
697 1613 740 1688 δι’
764 1609 816 1689 τόν
838 1624 948 1690 ταῦτα
968 1613 1088 1707 γράφει

406 1721 475 1803 (Nr.
490 1725 542 1805 55)
566 1714 681 1805 ὥσπερ
703 1716 766 1806 γὰρ
788 1716 832 1789 τό
853 1715 1019 1807 γεγονότα
1040 1714 1155 1789 πάντα
1176 1714 1245 1790 ῦπό
1269 1724 1332 1791 τοῦ
1356 1717 1488 1807 πατρὸς
1515 1719 1569 1791 διὰ
1591 1726 1656 1790 τοῦ

406 1812 512 1905 λόγου
535 1820 704 1905 (γέγονεν,
734 1811 827 1887 οῦτοο
853 1816 977 1888 καὶτὰ
999 1813 1163 1907 λεγόμενα
1184 1813 1252 1889 ῦπό
1274 1824 1338 1891 τοῦ
1360 1817 1492 1907 πατρός
1514 1818 1569 1890 όιὰ
1591 1824 1655 1889 τοῦ

404 1912 524 2004 λόγου)
547 1923 753 2005 σημαίνεται.
796 1913 851 1986 διὰ
873 1920 979 1987 τοῦτο
1002 1916 1065 2005 γὰρ
1085 1922 1142 1987 καὶ
1164 1912 1183 1987 ό
1206 1912 1399 2005 ἀγιοότατος
1415 1924 1543 2008 Μωσῆς
1559 1916 1654 2007 ἀγγε-

404 2023 467 2087 λον
488 2018 641 2086 ἐνταῦθα
664 2009 821 2103 ὀνομάζει
843 2012 907 2087 τόν
922 2011 1036 2104 λόγον,
1060 2009 1115 2087 ότι
1131 2012 1172 2087 δι’
1188 2012 1288 2090 οῦδὲν
1303 2019 1421 2108 ἕτερον
1436 2014 1554 2106 ἐφάνη,
1577 2013 1652 2089 ἀλλ’

403 2117 460 2185 ίνα
481 2110 663 2205 ἀναγγείλῃ
685 2120 736 2203 τῷ
753 2122 872 2185 Μωσεῖ
890 2120 999 2187 ταῦτα
1021 2106 1107 2204 άπερ
1122 2125 1310 2189 λυσιτελεῖν
1329 2137 1403 2201 τοῖς
1423 2121 1509 2200 υίοῖς
1521 2112 1651 2206 Ἰσραὴλ

403 2209 587 2305 ἠπίστατο·
624 2209 793 2303 ἠπίστατο
816 2219 851 2284 δέ
873 2223 1061 2287 λυσιτελεῖν
1083 2214 1142 2286 ἐνα
1163 2211 1249 2287 θεόν
1271 2217 1358 2288 είναι
1380 2225 1537 2306 νομίζειν.
1564 2225 1571 2297 Ι
1598 2214 1651 2288 διὸ
1670 2230 1786 2301 30143

404 2312 567 2404 καὶπρὸς
589 2310 697 2385 αῦτόν
720 2312 806 2401 »ἐγώ
828 2315 893 2402 εἰμι
915 2308 935 2384 ό
957 2305 1026 2384 όινι
1057 2318 1135 2403 ἔφη,
1166 2315 1223 2384 ίνα
1251 2320 1377 2405 μηδένα
1403 2314 1501 2398 ἐκτός
1527 2317 1652 2386 ἑαυτοῦ

405 2415 523 2503 ἐτερον
543 2411 630 2485 θεὸν
651 2415 737 2485 εἶναι
760 2408 885 2501 διόάξη.
928 2420 1033 2486 τοῦτο
1056 2418 1124 2502 <δέ>
1146 2412 1276 2504 ῥᾴδιον,
1299 2416 1399 2503 οἶμαι,
1423 2432 1495 2497 τοῖς
1516 2405 1554 2486 εῦ
1569 2443 1651 2504 φρο-

401 2519 521 2585 νοῦσιν
542 2520 598 2584 καὶ
613 2509 682 2585 ἀπὸ
704 2517 824 2602 μικροῦ
845 2541 940 2595 τινος
960 2520 1018 2583 καί
1038 2519 1202 2586 ταπεινοῦ
1223 2508 1303 2585 καθ’
1322 2510 1407 2603 ἡμᾶς
1427 2519 1649 2604 παραδείγμα-

400 2641 461 2697 τος
482 2620 621 2702 γνοῦναι.
658 2609 735 2685 οῦδὲ
749 2610 813 2700 γὰρ
836 2610 900 2683 τόν
922 2618 985 2683 τοῦ
1006 2608 1200 2702 ἀνθρώπου
1221 2608 1326 2701 λόγον
1341 2610 1478 2703 δυνάμει
1498 2620 1553 2683 καὶ
1568 2611 1650 2686 ῦπο·
1666 2636 1702 2689 31

401 2709 516 2784 στάσει
535 2721 677 2802 χωρίσαι
697 2719 765 2782 τινὶ
780 2707 942 2784 δυνατόν·
964 2715 1002 2784 ἐν
1015 2708 1080 2801 γάρ
1102 2715 1194 2784 ἐστιν
1215 2718 1271 2784 καί
1286 2708 1415 2786 τοῦτόν
1438 2720 1489 2803 τῷ
1511 2709 1649 2803 ἀνθρώ-

399 2840 456 2901 πφ
479 2807 498 2883 ό
521 2808 636 2899 λόγος,
662 2817 719 2882 καί
745 2807 856 2884 οὐθενί
881 2810 1109 2902 χωριζόμενος
1137 2812 1241 2902 ἑτέρῳ
1264 2807 1286 2900 ἢ
1307 2809 1395 2902 μόνη
1417 2820 1460 2902 τῇ
1483 2819 1543 2901 τῆς
1563 2809 1650 2902 πρά·

400 2922 485 2996 ξεως
505 2917 664 3004 ἐνεργείᾳ.

286 3027 320 3082 25
336 3016 394 3080 καὶ
416 3008 690 3097 ἐπιόαφιλεῦεται
713 3014 763 3082 ἔτι
783 3016 915 3098 μᾶλλον
938 3009 1003 3100 τὴν
1024 3005 1130 3082 αῦτοῦ
1153 3008 1309 3082 διάνοιαν
1322 3015 1509 3101 ἐμφαίνων,
1533 3007 1574 3082 δι’
1596 3042 1649 3085 ων

338 3109 413 3198 ἑξῆς
436 3105 516 3180 τάδε
538 3116 642 3199 φησίν

358 3252 361 3257 -
400 3213 468 3296 (Nr.
482 3217 534 3296 53)
558 3206 599 3282 οῦ
620 3209 683 3299 γάρ
706 3209 747 3302 δὴ
769 3211 885 3298 ἐτέρας
907 3210 1112 3298 ἓτοιμασίας,
1145 3208 1220 3282 οἷον
1250 3204 1333 3299 ῦλης
1364 3205 1386 3299 ἢ
1416 3208 1521 3302 ἀλλης
1553 3210 1647 3295 τινός

397 3302 631 3399 ἀνθρωπίνης,
654 3305 674 3382 ό
696 3307 778 3393 θεὸς
799 3314 908 3381 ἐδεῖτο
929 3306 1016 3396 πρὸς
1030 3306 1254 3397 κατασκευήν,
1277 3305 1364 3382 ἀλλὰ
1379 3308 1506 3401 ταύτης
1529 3317 1589 3400 τῆς
1609 3315 1647 3383 ἐν

399 3414 442 3495 τῇ
463 3403 571 3481 αὐτοῦ
592 3415 725 3501 διανοίᾳ
747 3410 948 3498 ἐτοιμασίας.
985 3411 1056 3479 ἐπεὶ
1078 3398 1141 3479 οῦν
1156 3403 1330 3481 ἀόῦνατον
1351 3400 1393 3498 ἦν
1414 3418 1517 3497 χωρὶς
1539 3407 1646 3498 λόγου
1662 3433 1698 3489 32

284 3523 319 3578 30
395 3513 452 3576 καὶ
474 3512 536 3596 τῆς
556 3506 749 3597 προσούσης
771 3515 822 3598 τοῦ
846 3503 938 3596 λόγῳ
961 3514 1082 3594 σοφίας
1104 3510 1262 3596 ἐννοῆσαι
1282 3515 1360 3596 περὶ
1382 3513 1443 3597 τῆς
1463 3514 1526 3579 τοῦ
1547 3506 1645 3598 οῦρα·

288 3686 295 3697 .
396 3611 460 3679 νοῦ
488 3612 697 3695 κατασκευῆς
727 3604 791 3678 τόν
821 3604 921 3690 θεόν,
953 3604 1095 3688 εἰκότως
1125 3610 1188 3695 ἔφη
1222 3602 1341 3696 »ἡνίκα
1370 3603 1551 3697 ἦτοίμαξεν
1582 3608 1646 3679 τόν

398 3700 554 3794 οῦρανόν,
577 3703 800 3796 συμπαρὴμην
822 3703 948 3797 αῦτῷε.

333 3811 391 3875 καί
412 3812 639 3894 προστίθησιν
661 3796 762 3889 αῦθις
777 3809 946 3895 ἐξομοιοῦν
969 3813 1020 3897 τῷ
1035 3801 1251 3895 ἀνθρωπίνῳ
1272 3803 1364 3897 λόγῳ
1388 3805 1451 3880 τόν
1472 3813 1536 3879 τοῦ
1551 3814 1645 3891 θεοῦ,

334 3908 381 3986 είς
403 3903 443 3976 τὸ
466 3911 569 3991 δεῖξαι
592 3900 700 3977 αὐτόν
722 3901 972 3990 ἀνυπόστατον,
995 3902 1116 3994 γράφει
1138 3909 1174 3975 δὲ
1196 3899 1309 3989 οῦτως

282 4019 316 4073 35
396 4007 466 4091 (Nr.
481 4011 533 4091 56)
555 4007 707 4076 ἐνταῦθα
730 4006 815 4094 »ἐγώ
838 4011 903 4095 εἰμι
925 3999 944 4075 ό
966 3997 1035 4077 ὢν(
1065 4010 1152 4092 λέγει
1177 4008 1239 4092 μέν
1265 4011 1317 4095 τῷ
1340 4013 1460 4077 Μωσεῖ
1479 4000 1498 4078 ό
1520 4003 1643 4096 πατήρ,

396 4109 484 4192 λέγει
505 4109 541 4175 δὲ
563 4102 725 4194 δηλονότι
748 4103 803 4176 διό
829 4110 893 4176 τοῦ
919 4100 1030 4193 λόγου.
1071 4101 1188 4176 πάντα
1218 4102 1281 4192 γάρ
1313 4097 1377 4177 όσα
1406 4102 1450 4178 ἀν
1481 4099 1500 4176 ό
1530 4104 1642 4197 πατὴρ
1659 4126 1694 4181 33

418 4274 516 4330 θίολο.
536 4277 576 4340 17,
594 4278 611 4330 5
627 4304 661 4315 -
680 4274 720 4331 14
737 4274 787 4329 Ex.
797 4277 848 4343 3,2
867 4305 898 4315 -
918 4276 956 4332 18
974 4274 1058 4337 Ειθ,
1070 4277 1103 4329 14
1121 4303 1151 4315 -
1171 4273 1209 4329 81
1229 4273 1386 4341 Ρῐυν.8,2λ
1405 4304 1438 4314 -
1456 4276 1496 4332 85
1514 4275 1565 4331 Ex.
1575 4276 1599 4341 3,
1611 4280 1644 4331 14

419 4423 611 4482 Ῑπιστεῦειτ
637 4426 640 4492 Ι
669 4425 782 4481 18-14
803 4420 1045 4496 γέγονεν-λόγου
1063 4423 1125 4478 and.
1143 4425 1182 4478 st.
1209 4424 1215 4491 Ι
1242 4425 1281 4480 19
1299 4422 1455 4482 &anast
1482 4427 1487 4495 Ι
1514 4427 1552 4483 27
1571 4422 1641 4482 ἐτοι·

331 4526 437 4595 μασίας
455 4527 518 4581 οωᾰ.
531 4528 569 4581 S&
588 4525 654 4595 (ng.
667 4527 738 4581 auch
747 4526 772 4581 S.
781 4528 824 4595 42,
833 4528 877 4596 30)
896 4524 1089 4595 ὀνομασίας)τ
1115 4526 1121 4593 1
1148 4525 1188 4583 28
1201 4520 1395 4596 ἀνθρωπίνης]
1407 4526 1517 4581 danaoh
1528 4526 1643 4585 Lflcke?

331 4628 378 4683 Mo
389 4622 566 4701 ὑπουργίας-’ί
577 4628 617 4683 Re
637 4630 641 4697 Ι
668 4629 707 4683 29
725 4623 829 4685 ἑαυτοῦ
846 4628 908 4683 and.
921 4627 959 4683 st„
985 4630 991 4697 Ι
1017 4626 1092 4684 881„
1110 4621 1282 4694 ἐξομοιοῦνθ
1308 4627 1313 4695 Ι
1339 4627 1378 4683 85
1396 4622 1455 4698 ἐγὼ
1473 4627 1513 4682 V²
1529 4627 1583 4696 μέν
1600 4628 1642 4682 V*
