3674 5506
572 529 606 585 δε
624 529 811 585 ουυίοεὶοείίοο
827 529 970 602 ίίιεοίοςὶο
986 532 1025 587 III
1043 535 1066 588 5.
1085 534 1109 589 6.
1437 543 1494 606 163

182 701 239 764 καί
270 687 449 783 ἀναγγελεῖ
475 688 588 779 ύμίνι,
619 695 656 763 ἐκ
682 699 746 765 τοῦ
767 698 849 783 ἐμοῦ
870 694 998 785 δηλαδὴ
1020 704 1208 786 θησαυροῦ·
1238 702 1275 768 ἐν
1305 694 1400 788 αύτῷ
1431 695 1494 788 γάρ

185 796 287 863 »εἰσιν
316 791 444 875 πάντες
474 794 505 865 οί
541 801 705 883 θησαυροί
742 799 802 884 τῆς
832 802 955 881 σοφίας
983 802 1039 866 καὶ
1074 797 1233 885 γνούσεως
1269 792 1493 887 άπύκρυφοιι.

183 890 286 974 αύτδς
306 898 368 979 μὲν
390 884 453 963 οῦν
479 885 538 963 άτε
564 890 635 976 υίὸς
661 891 848 982 μονογενὴς
877 893 968 983 παρὰ
998 901 1063 966 τοῦ
1091 894 1222 985 πατρὸς
1253 896 1412 986 λαμβάνει
1437 908 1492 969 καὶ
1511 918 1544 971 19

182 992 274 1080 παρά
295 990 512 1081 τοῦπατρὸς
543 988 671 1075 άκούει,
704 990 744 1064 τὸ
771 996 807 1062 δὲ
828 999 960 1082 πνεῦμα
982 993 1023 1066 τὸ
1046 987 1144 1085 άγιον
1164 990 1243 1085 παρ’
1267 993 1374 1068 αύτοῦ
1393 1026 1491 1087 χορη·

149 1109 299 1180 ογεῑται·
322 1087 375 1162 διό
398 1114 501 1179 φησιν
526 1095 581 1162 »ἐκ
602 1098 666 1163 τοῦ
687 1095 769 1181 ἐμοῦ
791 1089 936 1180 λήψεται
957 1100 1012 1163 καὶ
1027 1089 1323 1185 άναγγελείῦμῑνι.
1360 1102 1496 1185 λέγεται.

182 1198 242 1281 μὲν
262 1183 325 1262 σύν
346 1196 402 1262 καὶ
425 1186 445 1262 ό
468 1195 523 1262 ἐπὶ
544 1189 691 1262 πάντων
712 1188 795 1273 θεὸς
816 1198 957 1281 πνεῦμα,
981 1188 1028 1274 οδς
1050 1191 1154 1277 αύτός
1169 1199 1318 1281 ἐδίδαξεν
1340 1190 1492 1285 όσωτὴρ

181 1293 290 1362 είπών
315 1296 463 1378 ιπνδῦμα
485 1286 505 1362 δ
528 1288 622 1374 θεός,
652 1297 707 1361 καί
736 1290 816 1372 τοῦς
837 1299 1117 1378 προσκυνοῦντας
1139 1290 1246 1365 αὐτὸν
1268 1298 1305 1365 έν
1325 1293 1492 1385 πνεύματι

181 1399 234 1461 καὶ
258 1387 403 1480 άληθείᾳ
425 1395 477 1461 δεῖ
494 1409 734 1480 προσκυνεῑνι,
765 1397 821 1461 καὶ
848 1393 942 1462 ἔσται
964 1389 1106 1480 άληθῶς
1132 1387 1226 1482 άγιος
1248 1389 1356 1483 άγίων
1378 1391 1491 1479 αύτός,

181 1498 234 1563 καὶ
259 1494 315 1562 νίν
329 1485 437 1580 άγίοις
452 1486 737 1581 άναπαυύμενοςι.
773 1485 861 1562 άλλδι
882 1497 938 1562 καὶ
961 1485 980 1562 δ
1000 1490 1073 1574 υίὸς
1095 1498 1159 1564 τοῦ
1180 1498 1266 1565 θεοῦ
1286 1500 1418 1583 πνεῦμα
1439 1487 1490 1565 άιν

134 1613 165 1667 10
181 1587 352 1679 τυγχάνει,
379 1597 434 1660 καὶ
455 1596 588 1679 πνεῦμα
608 1596 664 1660 καὶ
686 1587 789 1672 αύτδς
810 1585 916 1678 άγίων
938 1582 1049 1678 άγιον,
1073 1594 1100 1662 εί
1121 1591 1163 1680 δὴ
1190 1592 1292 1664 είκοόν
1314 1597 1406 1664 ἐστιν
1428 1600 1490 1665 τοῦ

181 1685 341 1777 δοράτου·
364 1687 416 1762 διδ
438 1695 591 1779 καὶπερὶ
613 1687 719 1762 αύτοῦ
742 1695 896 1761 λέλεκται
921 1684 958 1761 »ό
981 1696 1017 1760 δὲ
1037 1689 1153 1780 κύριος
1174 1689 1216 1761 τὸ
1230 1689 1362 1781 πνεῦμά
1376 1697 1485 1765 ἐστιν(
1507 1708 1541 1763 20

179 1797 231 1859 καί
262 1796 411 1879 »πνεῦμα
439 1788 507 1878 πρὸ
529 1789 718 1877 προσώπου
739 1785 839 1878 ἡμῶν
865 1787 1001 1879 χριστός
1030 1787 1172 1879 κύριοςι.
1215 1785 1302 1863 άλλδι
1331 1793 1395 1881 γὰρ
1426 1800 1489 1864 τοῦ
1506 1810 1538 1865 21

180 1888 275 1978 άγίου
304 1888 498 1979 πνεύματος
526 1890 643 1977 ἑτέρου
664 1882 766 1971 ὄντος
787 1888 880 1978 παρὰ
902 1886 966 1960 τὸν
986 1894 1118 1978 πατέρα
1148 1896 1203 1960 καὶ
1234 1889 1298 1961 τὸν
1330 1889 1415 1979 υίύν,
1447 1893 1488 1965 τό

180 1995 301 2078 ἰδίωμα
321 1988 488 2079 παριστὰς
510 1984 529 2060 ό
551 1987 667 2078 σωτὴρ
682 1996 844 2079 κέκληκεν
860 1986 943 2061 αύτδ
965 1986 1199 2078 παράκλητον,
1222 1988 1263 2061 τό
1285 1991 1405 2064 κοινὸν
1428 1999 1489 2082 τῆς

133 2108 163 2162 15
180 2082 372 2177 ὁμωνυμίας
394 2085 569 2177 άφορίζων
591 2088 646 2159 διά
669 2095 729 2179 τῆς
751 2095 813 2161 τοῦ
835 2086 1058 2179 παρακλητου
1077 2096 1316 2178 προσηγορίας,
1339 2096 1410 2163 ἐπεὶ
1433 2100 1488 2163 καὶ

180 2191 212 2258 αλ
233 2183 405 2276 άγγελικαί
426 2183 583 2277 δυνάμεις
605 2190 671 2259 τίεν
694 2186 737 2259 άν
758 2186 946 2277 πνεύματα·
980 2183 1035 2259 »δι
1062 2189 1124 2278 γάρ
1149 2197 1280 2261 »ποιῶν
1303 2190 1383 2272 τοῦς
1396 2187 1488 2280 άχγέ-

179 2299 258 2371 λους
278 2283 385 2359 αύτοῦ
406 2285 599 2376 πνεύμαται
625 2290 761 2376 εἴρηται.
806 2283 881 2360 ἀλλ’
913 2283 1012 2357 ούδὲν
1042 2287 1181 2359 τούτων
1211 2293 1404 2374 ἐξισοῦσθαι
1435 2289 1486 2361 δύ

178 2416 277 2458 ναται
298 2394 350 2478 τῷ
372 2384 583 2477 παρακλήτῳ
605 2385 780 2476 πνεύματι.
824 2386 877 2458 διὸ
901 2394 943 2474 τῇ
966 2383 1042 2478 άγίᾳ
1062 2395 1118 2458 καὶ
1140 2397 1360 2479 τρισμακαρίᾳ
1377 2387 1487 2479 τριάδι

176 2484 284 2576 μόνον
307 2492 411 2558 τοῦτο
433 2494 739 2577 συμπαρείληπται,
763 2481 824 2557 ούκ
846 2484 962 2568 άλλως
983 2493 1047 2558 τοῦ
1069 2492 1223 2576 σωτῆρος
1245 2505 1318 2568 τοῖς
1339 2482 1486 2559 άποστύ-
1504 2504 1537 2558 22

130 2607 161 2663 20
176 2597 248 2670 λαις
271 2583 378 2660 αύτοῦ
400 2593 645 2675 διαταξαμένου
672 2584 712 2656 τὸ
734 2588 918 2675 μυστήριον
944 2591 1006 2675 τῆς
1028 2582 1134 2657 αύτοῦ
1155 2594 1410 2674 παλιγγενεσίας
1431 2593 1486 2660 85¹

175 2692 278 2758 πᾶσιν
301 2703 373 2768 τοῖς
395 2689 431 2773 ἐξ
452 2690 569 2757 ίθνοῦν
591 2690 637 2768 είς
659 2683 767 2757 αύτδν
788 2683 1004 2757 πιστεύουσιν
1025 2682 1249 2774 παραδιδόναι
1272 2680 1486 2773 ἢβαπτίςον-

175 2814 235 2870 τας
270 2781 411 2867 »αύτούς
441 2788 488 2868 είς
515 2785 555 2857 τὸ
579 2778 685 2875 ὄνομα
708 2793 770 2856 τοῦ
791 2782 922 2872 πατρὸς
943 2793 999 2856 καὶ
1030 2793 1094 2856 τοῦ
1122 2789 1199 2856 υίοῦ
1227 2790 1283 2855 καὶ
1306 2789 1369 2855 τοῦ
1390 2780 1487 2873 άχίου

174 2882 402 2973 πνεύματοςι·
436 2893 441 2968 Ι
474 2890 537 2955 τοῦ
565 2890 627 2972 μὲν
657 2883 787 2970 πατρὸς
813 2880 1067 2968 αύθεντοῦντος
1095 2891 1149 2956 καὶ
1181 2889 1399 2972 δωρουμένου
1420 2884 1485 2974 τὴν
1505 2901 1564 2956 111

173 2983 281 3075 χάριν,
304 2990 367 3056 τοῦ
388 2988 425 3054 δὲ
446 2987 523 3056 υίοῦ
544 2982 653 3073 ταύτη
676 2990 942 3074 διακονουμένου
965 2980 1036 3074 (ιὴι
1062 2983 1124 3074 γάρ
1149 2980 1260 3072 »χάρις
1287 2989 1342 3052 καὶ
1365 2978 1386 3071 ἡ
1408 2977 1486 3072 άλή·

126 3106 157 3161 25
173 3093 251 3156 θεια
274 3083 329 3156 διὰ
349 3078 455 3173 Ἰησοῦ
477 3090 628 3171 Χριστοῦ
650 3087 830 3173 ἐγένετοτ),
863 3089 926 3154 τοῦ
956 3090 992 3154 δὲ
1014 3079 1112 3172 άγίου
1132 3081 1334 3171 πνεύματος,
1355 3082 1484 3173 δηλαδὴ

173 3191 236 3255 τοῦ
257 3181 493 3273 παρακλήτου,
527 3179 633 3254 αύτοῦ
655 3176 758 3266 ὄντος
780 3189 843 3253 τοῦ
862 3190 1116 3272 χορηγουμένου
1136 3180 1223 3253 κατά
1246 3181 1307 3264 τάς
1328 3185 1365 3253 έν
1388 3178 1483 3272 αύτῷ

173 3289 346 3374 διαιρέσεις
372 3288 447 3352 τῶν
465 3280 700 3372 χαρισμάτων,
735 3274 782 3372 »ᾧ
804 3281 951 3371 μὲνγὰρ
973 3282 1027 3354 διὰ
1048 3289 1113 3354 τοῦ
1132 3279 1327 3369 πνεύματος
1352 3287 1484 3352 δίδοται

172 3382 273 3472 λόγος
295 3388 432 3469 σοφίας,
456 3380 551 3472 ἄλλῳ
574 3386 610 3451 δὲ
632 3378 733 3470 λόγος
756 3381 914 3471 γνοόσεως
935 3380 1023 3451 κατὰ
1044 3379 1085 3452 τὸ
1108 3376 1192 3452 αύτδ
1213 3386 1354 3469 πνεῦμα,
1378 3380 1482 3470 ἑτέρῳ

171 3491 286 3565 πίστις
307 3487 344 3554 έν
366 3489 418 3572 τῷ
441 3478 535 3571 αύτῷ
557 3480 741 3570 πνεύματι(
766 3489 821 3551 καὶ
836 3480 879 3552 τά
895 3480 1032 3564 τούτοις
1047 3484 1325 3569 κατηριθμημένα
1344 3473 1481 3567 δμοίως.

123 3601 156 3657 ³0
253 3588 274 3654 δ
296 3579 336 3652 τὸ
358 3585 420 3670 μὲν
443 3574 505 3653 οῦν
527 3574 626 3670 άγιον
647 3587 780 3670 πνεῦμα
801 3576 919 3671 μόνοις
940 3575 1048 3669 άγίοις
1062 3583 1308 3669 ίμφιλοχωρεῑν
1321 3583 1482 3663 πέφυκεν,
1500 3595 1605 3672 ὅπωςη
1623 3601 1666 3658 ιχ.

172 3680 225 3752 διὰ
248 3686 311 3750 τοῦ
332 3684 408 3752 υίοῦ
428 3679 679 3771 χορηγούμενον
706 3680 757 3762 οίς
779 3676 823 3750 άν
850 3674 869 3750 δ
893 3677 1006 3768 πατὴρ
1027 3686 1182 3766 κρίνειεν.
1222 3683 1278 3747 καὶ
1312 3674 1407 3748 τοῦτ’
1439 3675 1482 3750 άν
1534 3671 1636 3791 κλῗσία
1701 3764 1707 3771 .

172 3784 220 3870 εἴη
242 3781 343 3868 ἔργον
364 3775 471 3852 αύτοῦ
492 3779 533 3851 τό
555 3776 690 3860 πάντας
711 3774 873 3868 άγιάζειν,
897 3779 947 3861 οίς
969 3776 1013 3849 διν
1035 3773 1111 3858 ἑνός
1133 3805 1227 3859 τινος
1249 3771 1270 3865 ἢ
1290 3783 1347 3847 καὶ
1366 3775 1480 3848 πλειό-
1516 3756 1586 3875 {Ege
1599 3755 1651 3861 ἷξε

171 3907 244 3950 νων
265 3885 433 3969 μεταδιδῷ
449 3884 523 3950 τῶν
545 3881 583 3950 έν
601 3875 696 3968 αύτῷ
717 3875 945 3968 χαρισμάτων,
968 3875 1017 3960 τός
1037 3884 1092 3948 καὶ
1114 3873 1296 3965 προφήτας
1317 3884 1372 3947 καί
1394 3871 1478 3947 άπο·
1514 3870 1577 3927 vio&
1595 3877 1644 3928 καὶ

1539 3936 1623 4024 διγίου

1503 4024 1667 4094 πνευματος

254 4102 273 4157 2
293 4099 415 4167 Koma
432 4129 465 4139 -
484 4099 502 4156 5
521 4099 718 4165 ίο1ι.16,14-
738 4098 752 4154 7
775 4097 870 4162 Joh.4‚
881 4100 915 4153 24
931 4126 965 4137 -
981 4095 1291 4161 δίστομα-σία.
1303 4097 1476 4158 57.15-11
1522 4094 1640 4148 11001511

169 4202 195 4257 11
212 4202 276 4257 xor.
294 4204 319 4271 3,
337 4202 370 4256 ιι
387 4229 421 4241 -
440 4200 478 4256 ιι
498 4198 649 4270 1113114,
667 4201 701 4255 ιο
718 4228 751 4239 -
770 4200 808 4256 ιο
824 4198 968 4268 Hebr.1,7
987 4198 1042 4266 (Ρι.
1053 4198 1148 4266 ιωμ)
1165 4225 1200 4236 -
1217 4196 1256 4253 ιι
1274 4196 1375 4252 υκαι.
1393 4198 1434 4267 οε,
1445 4200 1478 4254 19
1495 4144 1653 4266 πράξω

171 4333 204 4344 -
222 4302 341 4360 21101.
360 4305 384 4371 1,
402 4303 435 4355 17
452 4330 486 4339 —
503 4300 541 4356 27
561 4301 574 4354 Ι
592 4300 656 4356 Κοε.
675 4303 716 4369 12,
733 4302 757 4357 8.
775 4302 793 4356 9

253 4503 295 4560 θί
308 4500 538 4571 πνεῦμαί-καίί]
556 4499 626 4566 θεὸς
644 4493 693 4566 ὢν,
711 4497 927 4572 τυγχάνειΜοΙ
954 4500 992 4556 1⁰
1009 4495 1093 4568 ἐστιν]
1113 4505 1145 4563 -1-
1162 4500 1235 4554 θεοῦ
1252 4498 1297 4552 Μο
1329 4498 1334 4567 Ι
1368 4499 1403 4555 12
1420 4497 1477 4570 πρδ

170 4602 268 4675 val.
283 4604 308 4658 S.
323 4605 364 4669 93,
374 4605 408 4660 33
425 4619 452 4657 u.
469 4601 587 4657 Luciam
605 4601 680 4657 LXX
698 4611 731 4663 <
748 4601 773 4657 8.
791 4604 833 4670 99,
851 4603 884 4657 33
911 4599 985 4654 LXX
1016 4602 1022 4668 Ι
1056 4598 1311 4658 18κα1111).ι1.2ι
1331 4600 1369 4654 V¹
1400 4601 1405 4669 Ι
1437 4600 1477 4657 8⁰

169 4703 228 4760 hier
245 4723 269 4761 ο.
287 4704 319 4759 R.
337 4697 401 4761 e'V

1229 4786 1281 4840 ll*
