3674 5506
319 508 378 571 154
903 495 1036 553 Eusebius

318 659 463 745 στόλους
483 668 539 731 καὶ
560 667 674 733 πᾶσαν
696 666 843 750 θεοφιλῆ
871 657 995 749 φυγήν,
1026 660 1115 744 εἰκὸς
1146 666 1181 732 δέ
1207 669 1262 732 καί
1289 659 1351 742 τὰς
1375 667 1552 749 κρείττους
1573 665 1629 727 καὶ

318 772 414 846 θείας
441 757 608 851 δυνάμεις,
640 768 702 852 τής
732 766 767 848 ἐξ
790 758 896 832 αῦτοῦ
924 756 1193 851 μεταλαμβάνειν
1220 757 1409 851 ἁγιότητος.
1453 754 1472 831 ό
1499 763 1534 830 δέ
1555 758 1630 841 υίὸς

317 861 422 953 μόνος
453 870 601 952 πατρική
632 858 775 950 θεότητι
798 866 1031 950 τετιμημένος,
1062 859 1240 950 ποιητικός
1262 857 1306 931 ἂν
1326 864 1454 950 εἴηκαὶ
1476 864 1629 948 δημιουρ·

318 960 411 1053 γικός
433 967 494 1051 τῆς
515 967 590 1031 τῶν
612 967 767 1050 γενητῶν
789 956 971 1043 ἁπάντων,
1004 956 1141 1050 ὁρατῶν
1173 969 1286 1032 τεκαὶ
1309 957 1482 1049 ἀοράτων,
1508 965 1563 1028 καὶ
1587 957 1628 1046 δή

284 1069 374 1133 5καί
404 1058 509 1152 αῦτῆς
537 1066 599 1150 τής
620 1066 684 1132 τοῦ
704 1056 926 1149 παρακλήτου
946 1059 1138 1146 πνεύματος
1168 1057 1356 1152 ὑπάρξεως·
1391 1055 1539 1131 »πάνται
1565 1056 1628 1144 γὰρ

321 1159 381 1234 »δι’
402 1157 509 1233 αῦτοῦ
530 1163 677 1250 ἐγένετο,
709 1167 765 1231 καὶ
786 1167 888 1248 χωρίς
914 1155 1020 1231 αῦτοῦ
1041 1162 1176 1249 ἐγένετο
1199 1156 1275 1232 σῦδέ
1298 1161 1351 1231 ἐνε
1376 1164 1432 1228 καὶ
1456 1161 1511 1227 »ἐν
1531 1155 1665 1247 αῦτῴ2

318 1267 459 1350 ἐκτίσθη
481 1260 525 1331 τά
546 1256 662 1331 πάντα
684 1258 728 1330 τό
758 1263 796 1330 ἐν
825 1277 898 1342 τοῖς
928 1255 1086 1347 σῦρανοῑς
1115 1268 1172 1332 καί
1201 1260 1245 1332 τὰ
1275 1264 1330 1332 ἐπὶ
1362 1264 1423 1348 τῆς
1452 1262 1527 1346 γῆς,
1558 1261 1627 1327 εἴτε

318 1358 426 1451 δρατὰ
449 1365 517 1432 εἴτε
540 1356 699 1447 άόραταε.
743 1354 817 1431 ὁδ’
845 1362 998 1430 ἐπέκεινα
1025 1366 1099 1432 τῶν
1125 1354 1220 1432 όλων
1245 1358 1327 1442 θεὸς
1352 1365 1409 1429 καί
1429 1357 1544 1448 πατήρ
1567 1363 1631 1429 τοῦ

318 1468 436 1549 κυρίου
468 1456 565 1549 ήμῶν
595 1452 700 1547 Ἰησοῦ
727 1465 889 1546 Χριστοῦ,
921 1455 1073 1549 άρρητόν
1103 1490 1136 1531 τι
1166 1452 1219 1531 όόν
1249 1457 1381 1548 ἀγαθόν
1412 1466 1467 1529 καὶ
1497 1458 1630 1540 παντὸς

268 1579 302 1633 10
320 1566 481 1650 λογισμοῦ
510 1567 566 1630 καὶ
597 1562 748 1642 διανοίας
778 1563 898 1647 φωνῆς
929 1587 966 1629 τε
996 1556 1105 1680 πόσης
1132 1567 1189 1631 καὶ
1218 1555 1436 1649 ἐνθυμήσεως
1462 1574 1630 1678 κρεῖττον,

320 1656 405 1749 όμοῦ
427 1665 501 1730 τῶν
522 1657 668 1731 πάντων
689 1652 752 1730 όσα
772 1651 902 1729 ποτε
882 1686 967 1729 οντα
989 1666 1045 1730 καί
1067 1654 1169 1732 όποῑα
1190 1656 1354 1748 τυγχάνει,
1378 1654 1485 1730 αότοῦ
1506 1687 1543 1729 τε
1567 1665 1631 1731 τοῦ

319 1756 417 1848 άγίου
438 1756 632 1846 πνεύματος
653 1763 794 1845 προσέτι
815 1763 852 1828 δε
873 1787 929 1828 και
951 1763 1015 1831 τοῦ
1036 1764 1240 1847 μονογενοῦς
1264 1762 1340 1830 υίοῦ
1361 1757 1629 1848 καθηγούμενος

319 1857 424 1948 μόνος
454 1852 647 1940 εἰκότως
628 1886 646 1929 ο
674 1863 728 1929 ἐπι
754 1853 901 1943 πάντων
926 1865 983 1929 καὶ
1013 1856 1067 1930 διὰ
1097 1856 1242 1930 πάντων
1272 1865 1328 1929 καὶ
1354 1863 1393 1930 ἐν
1422 1865 1526 1931 πᾶσιν
1547 1857 1631 1939 θεὸς

319 1955 490 2049 άνείρηται
511 1956 604 2044 παρά
626 1963 677 2047 τῷ
700 1952 887 2045 όποστόλφ
911 1955 1017 2045 φάντι
1041 1958 1106 2041 »εἷς
1128 1954 1254 2044 κῦρισς,
1275 1966 1334 2047 μία
1361 1965 1483 2041 πίστις,
1514 1960 1551 2029 ἓν
1572 1953 1631 2042 βό·

269 2076 302 2130 15
320 2082 461 2146 πτισμα·
497 2055 545 2139 εἷς
560 2055 642 2140 θεός
656 2055 770 2146 πατήρ
789 2054 944 2139 πάντων,
967 2053 986 2130 ό
1009 2060 1064 2129 ἐπί
1085 2054 1231 2130 πάντων
1251 2065 1308 2129 καὶ
1330 2058 1386 2129 διά
1406 2055 1553 2130 πάντων
1574 2063 1631 2126 καὶ

320 2161 358 2228 ἐν
380 2163 512 2229 πᾶσινι.
548 2164 604 2228 καὶ
625 2153 731 2245 μόνος
752 2162 813 2245 μὲν
835 2153 938 2239 αῦτός
956 2154 1023 2239 »εἷς
1037 2155 1118 2238 θεός
1140 2164 1194 2227 καὶ
1209 2158 1340 2248 πατήρ(
1362 2162 1443 2229 »τοῦ
1475 2166 1480 2239 Ι
1512 2163 1686 2244 κυρίου31
1706 2174 1763 2230 175

319 2253 418 2344 ήμῶν
439 2252 544 2346 Ἰησοῦ
566 2262 734 2345 Χριστοῦ(
758 2264 957 2346 χρηματίζοι
979 2255 1035 2335 ἄν,
1068 2251 1087 2327 ό
1118 2261 1153 2327 δέ
1175 2256 1247 2340 υλός
1276 2254 1480 2346 »μονογενής
1506 2250 1629 2336 θεόςῦ

320 2348 372 2425 ὢν
394 2360 440 2438 είς
461 2353 526 2426 τόν
546 2351 681 2428 κόλπον
707 2361 771 2427 τοῦ
796 2352 959 2443 πατρόςι·
996 2355 1037 2426 τό
1069 2361 1105 2426 δὲ
1135 2353 1359 2446 παράκλητον
1388 2361 1519 2445 πνεῦμα
1549 2349 1629 2425 οῦτε

320 2453 402 2537 θεός
423 2447 504 2525 οῦτε
524 2450 605 2537 υἱός,
627 2458 702 2526 ἐπεὶ
723 2453 768 2543 μή
790 2458 828 2526 ἐκ
850 2461 913 2527 τοῦ
934 2455 1064 2543 πατρὸς
1080 2450 1206 2544 ὁμοίως
1228 2463 1279 2546 τῷ
1302 2460 1365 2546 υἱῷ
1387 2463 1443 2528 καὶ
1466 2452 1549 2526 αῦτό
1565 2452 1631 2542 τὴν

269 2573 304 2629 20
321 2559 450 2643 γε’νεσιν
472 2557 620 2642 εἴληφεν,
643 2556 680 2624 ἐν
703 2560 741 2626 δέ
761 2583 794 2624 τι
816 2560 890 2625 τῶν
912 2553 965 2625 διὰ
988 2561 1051 2626 τοῦ
1072 2559 1147 2626 υἱοῦ
1169 2561 1362 2645 γενομένων
1382 2551 1552 2645 τυγχάνει,
1575 2546 1630 2625 ότι

321 2652 362 2741 δή
396 2650 529 2725 »πάντα
559 2649 604 2725 δι’
635 2649 742 2725 αῦτοῦ
771 2658 920 2743 ἐγένετο,
951 2661 1007 2725 καὶ
1037 2663 1138 2743 χωρὶς
1168 2651 1276 2727 αῦτοῦ
1300 2659 1433 2744 ἐγένετο
1461 2649 1538 2725 οῦδὲ
1565 2654 1630 2723 ἕνα.

322 2758 429 2823 ταῦτα
458 2760 520 2842 μὲν
551 2745 612 2826 οῦν
643 2760 686 2841 τῇ
713 2748 790 2846 άγίᾳ
819 2762 875 2824 καὶ
904 2762 1072 2843 καθολικῇ
1108 2760 1266 2846 ἐκκλησίᾳ
1297 2746 1366 2825 ῶδέ
1393 2782 1442 2842 πη
1472 2752 1526 2823 διὰ
1557 2758 1666 2825 τῶνε

321 2859 430 2922 θείων
452 2859 584 2938 φωνῶν
605 2858 831 2941 παραδίδοται
850 2854 895 2925 τὰ
908 2851 1086 2943 μυστήρια·
1107 2851 1306 2943 Μάρκελλος
1325 2859 1361 2924 δὲ
1382 2849 1498 2924 πάντα
1512 2849 1630 2939 φῦρας.

320 2956 407 3022 ποτε
428 2957 490 3041 μὲν
512 2955 557 3035 είς
572 2949 679 3024 αότόν
694 2947 778 3026 όλον
794 2952 859 3024 τόν
872 2960 1063 3038 Σαβελλίου
1076 2952 1187 3037 βυθόν
1199 2971 1310 3043 χωρεῖ,
1332 2957 1420 3023 ποτὲ
1442 2956 1477 3023 δέ
1492 2950 1631 3023 Παύλου

270 3067 303 3122 25
322 3056 385 3121 τοῦ
405 3059 634 3140 Σαμοσατέως
657 3048 884 3124 ἀνανεοῦσθαι
906 3059 1063 3141 πειρᾶται
1085 3051 1151 3142 τήν
1166 3056 1300 3140 αἵρεσιν,
1323 3058 1410 3124 ποτέ
1425 3057 1460 3125 δέ
1475 3047 1631 3134 Ἰουδαῖος

321 3142 374 3221 όιν
396 3148 557 3238 ἄντικρυς
577 3147 807 3240 άπελέγχεται·
842 3158 924 3241 μίαν
950 3150 1012 3241 γάρ
1038 3148 1226 3224 ῦπόστασιν
1248 3148 1494 3240 τριπρόσωπσν
1516 3148 1631 3238 ῶσπερ

321 3257 376 3320 καί
399 3249 594 3339 τριῶνυμον
614 3247 751 3340 εἰσάγει,
775 3248 838 3321 τόν
859 3247 967 3321 αῦτόν
989 3253 1074 3323 εἶναι
1096 3258 1208 3342 λέγων
1235 3249 1297 3322 τόν
1322 3251 1409 3324 θεὸν
1429 3258 1484 3322 καὶ
1508 3249 1571 3322 τόν
1593 3255 1631 3322 ἐν

323 3345 416 3437 αῦτῷ
449 3348 636 3437 λόγονκαὶ
662 3347 703 3420 τό
726 3344 824 3438 άγιον
844 3357 983 3440 πνεῦμα.
1026 3346 1085 3421 εἶτ’
1117 3355 1278 3423 ἐντεῦθεν
1307 3350 1453 3442 μεταβὰς
1482 3355 1537 3423 ἐπὶ
1569 3351 1664 3433 τάςσ

325 3445 557 3530 άποστολικὰς
571 3456 647 3536 περὶ
663 3456 725 3521 τοῦ
740 3456 891 3538 Χριστοῦ
907 3458 1096 3540 θεολογίας,
1118 3447 1223 3522 πάλιν
1238 3447 1458 3540 διαστρόφοις
1473 3456 1631 3539 κέχρηται

273 3562 306 3617 30
324 3547 521 3636 ἑρμηνείαις.
564 3554 627 3622 τοῦ
658 3548 720 3637 γάρ
748 3556 845 3620 θείου
871 3546 1068 3621 άποστόλου
1089 3557 1342 3638 θεολογοῦντος
1364 3547 1545 3639 διαρρήδην
1569 3546 1632 3620 τόν

323 3646 399 3716 υἱόν
420 3653 483 3717 τοῦ
504 3654 588 3718 θεοῦ
609 3654 665 3717 καί
687 3654 848 3737 λέγοντος
877 3646 934 3733 »ός
956 3655 1049 3720 ἐστιν
1071 3651 1174 3722 εἰκῶν
1196 3655 1260 3721 τοῦ
1282 3655 1366 3721 θεοῦ
1388 3656 1451 3720 τοῦ
1473 3646 1631 3737 άσράτου.

324 3742 550 3832 πρωτότοκος
572 3743 680 3836 πάσης
711 3755 865 3831 κτίσεως,
897 3743 953 3820 ότι
982 3753 1019 3819 ἐν
1046 3746 1140 3839 αῦτη]
1163 3753 1304 3838 ἐκτίσθη
1327 3748 1370 3820 τά
1390 3746 1506 3820 πάντα
1529 3745 1630 3820 τότε

324 3848 361 3915 ἐν
384 3864 457 3926 τοῖς
479 3841 636 3931 οῦρανοῑς
658 3852 714 3919 85¹
743 3854 797 3918 καὶ
830 3848 873 3918 τὰ
903 3852 958 3919 ἐπὶ
990 3855 1050 3937 τῆς
1077 3856 1150 3939 γῆς,
1182 3853 1249 3919 είτε
1271 3844 1378 3936 όρατῦ
1401 3853 1468 3920 εἴτε
1491 3845 1631 3938 άόρατα.

325 3949 391 4013 εἴτε
414 3940 539 4033 θρόνοι
561 3950 627 4015 εἴτε
650 3942 848 4036 κυριότητες
870 3952 935 4018 εἴτε
960 3944 1053 4036 ἀρχαὶ
1079 3952 1146 4019 εἴτε
1160 3952 1318 4034 ἐξουσίαι·
1339 3945 1454 4019 πάντα
1469 3944 1509 4018 δι’
1526 3944 1633 4019 αῦτοῦ

273 4059 306 4111 35
324 4050 380 4114 καὶ
402 4050 447 4127 εἰς
470 4040 577 4115 αῦτόν
599 4048 761 4116 ἔκτισται·
796 4054 851 4118 καί
877 4043 979 4129 αῦτός
1007 4053 1098 4119 ἐστιν
1119 4047 1187 4134 πρό
1208 4044 1355 4119 πάντων
1376 4054 1431 4118 καὶ
1454 4046 1497 4118 τά
1518 4044 1634 4119 πάντα

325 4146 362 4213 ἐν
385 4139 479 4233 αῦτῷ
502 4149 733 4232 συνέστηκενι,

411 4363 508 4420 ῦῦσλι,
527 4366 576 4423 1,3
595 4393 628 4403 -
646 4365 665 4420 6
684 4362 744 4419 Kol.
763 4367 830 4431 1,16
848 4394 881 4404 -
901 4366 939 4422 14
958 4366 1060 4436 Eph.4,
1071 4367 1095 4420 5.
1114 4367 1130 4422 6
1147 4394 1181 4405 -
1200 4366 1237 4422 16
1255 4366 1323 4438 Eph.
1341 4369 1367 4431 4,
1385 4367 1446 4422 6-
1465 4368 1490 4420 ΙΙ
1509 4368 1573 4422 Kor.
1584 4368 1632 4435 1,3

325 4483 350 4518 u.
369 4471 393 4518 ὅ.
412 4495 445 4504 -
465 4466 501 4521 17
522 4464 583 4519 Joh.
603 4468 626 4528 1,
645 4468 679 4521 18
695 4494 729 4505 -
748 4468 785 4522 21
805 4467 867 4522 Joh.
887 4469 909 4521 1.
928 4470 945 4524 3
966 4497 1000 4507 -
1027 4467 1096 4523 2611
1110 4466 1166 4536 vgl.
1185 4466 1231 4522 Nr.
1249 4468 1284 4524 60
1301 4497 1334 4507 -
1351 4468 1390 4526 31
1410 4468 1472 4524 1101.
1492 4472 1514 4535 1,
1533 4470 1632 4524 15-1?

413 4665 451 4720 19
471 4661 547 4718 αἰτῶ
565 4665 613 4729 W,
633 4683 700 4720 corr.
719 4667 757 4718 Ψ
780 4669 784 4734 Ι
809 4668 847 4723 22
865 4673 914 4734 τῆς
932 4663 1016 4738 ἁγίας
1033 4669 1082 4723 καὶ
1099 4671 1254 4736 καθολικῆς
1272 4664 1422 4737 ἐκκλησίας
1432 4671 1464 4733 V,
1481 4686 1549 4725 εστι.
1563 4670 1599 4723 Kl
