3728 5508
261 2044 295 2098 16

901 474 1033 530 Eusebius

376 645 418 726 τῇ
440 643 578 756 δευτέρᾳ
601 643 779 731 οἰκονομίᾳ
801 644 979 727 προσέχων
1002 635 1130 727 τάληθέ
1132 668 1148 719 ς
1168 637 1360 728 μανθάνειν
1377 634 1541 760 έθέλειᾟ
1520 669 1620 729 αναγ-

374 733 473 807 κατόν
494 735 622 808 έστιν
601 744 793 828 υπομνῆσαι
808 735 924 823 αυτόν,
946 745 1022 822 πῶς
1044 742 1155 810 ἐνίοτε
1177 738 1241 825 [τό]
1263 739 1351 811 κατὰ
1373 738 1414 810 τὸ
1437 740 1521 830 [σὴν]
1545 768 1620 827 φαι-

376 833 521 925 νόμενον
543 833 768 958 άσυμφωνίαν
789 842 882 909 ἐστὶν
903 842 993 910 ἰδεῖν.
1030 829 1124 909 οὕτω
1146 836 1208 925 γάρ
1230 834 1316 929 ἡμᾶς
1337 869 1380 910 τα
1366 836 1489 928 ῥητὰ
1511 837 1618 911 διδάσ
1638 860 1670 912 17

374 964 434 1007 κει.
477 943 560 1007 ποία
580 936 644 1026 γὰρ
666 941 703 1007 έν
724 945 831 1028 καιρῷ
863 943 926 1009 τοῦ
955 934 1091 1019 πάθους
1122 945 1300 1024 συμφωνία
1330 944 1434 1010 τοῦτο
1457 944 1620 1027 λέγοντος

379 1031 514 1124 νπάτερ,
538 1041 566 1106 εί
587 1032 745 1120 δυνατόν,
768 1044 972 1123 παρελθέτω
995 1033 1036 1107 τὸ
1051 1032 1220 1125 ποτήριον
1234 1043 1372 1121 τοῦτοι,
1394 1042 1620 1125 ἐπιφέροντος

375 1140 410 1205 33
432 1133 568 1208 κάκεῑνο
594 1134 704 1223 »πλὴν
724 1135 769 1225 μὴ
793 1133 841 1219 ιός
862 1138 929 1225 έγώ
951 1142 1055 1220 θέλω,
1078 1131 1151 1207 ἀλλ’
1174 1133 1222 1217 οός
1244 1136 1312 1207 σόι.
1343 1134 1385 1209 03
1399 1144 1621 1226 συμφωνοῦν-

374 1263 435 1318 τος
450 1234 512 1324 γὰρ
528 1227 572 1325 ἦν
586 1241 806 1324 πρῶτονμὲν
822 1233 861 1307 τὸ
878 1242 987 1323 λέγειν
1005 1242 1227 1323 »παρελθέτω
1244 1234 1285 1306 τό
1301 1234 1470 1326 ποτήριον
1481 1243 1621 1309 τοῦτον

375 1330 475 1406 οὐδὲν
497 1340 531 1406 δέ
553 1330 715 1423 ἐχόμενον
737 1343 937 1423 συμφωνίας
966 1343 1023 1405 καὶ
1053 1334 1095 1406 τό
1125 1331 1373 1424 ἐπιφερόμενον
1401 1338 1487 1407 εἶναι
1517 1342 1619 1421 δοκεῖ,

375 1441 463 1523 λέγει
485 1433 548 1523 γάρ
575 1438 579 1520 Ι
611 1434 673 1556 »μέγ
694 1431 736 1506 τό
759 1433 851 1520 ἐμόν,
874 1429 961 1507 άλλά
983 1433 1025 1506 τό
1048 1433 1110 1506 σὸν
1131 1442 1294 1522 γενέσθω,
1317 1433 1435 1525 πάτερ,
1439 1444 1619 1560 θέλιγμαι.
1640 1462 1755 1534 181oe

374 1531 507 1616 ἀκούεις
528 1529 625 1616 ὅπως
648 1530 872 1623 άσυμφωνίαν
892 1535 980 1606 κατὰ
996 1534 1037 1606 τὸ
1061 1532 1271 1622 φαινόμενον
1293 1542 1393 1621 δηλοῖ
1412 1535 1452 1607 τὸ
1476 1534 1618 1658 γράμμα,

374 1640 438 1705 τοῦ
458 1641 519 1723 μέν
542 1641 721 1717 θέλοντος,
754 1639 833 1722 (τοῦ
860 1640 895 1705 δὲ
916 1633 960 1724 μὴ
983 1639 1176 1721 θέλοντος).
1219 1628 1274 1707 ότι
1295 1641 1334 1725 μέ
1337 1665 1356 1706 ν
1377 1635 1440 1758 γὰρ
1462 1635 1621 1720 έβοόλετο

375 1727 531 1823 όπατὴρ
553 1730 703 1822 6ῆλον’
683 1729 740 1821 αφ’
765 1724 858 1804 32²3
878 1734 1038 1819 ἐβούλετο
1061 1741 1211 1823 γέγονεν
1244 1727 1356 1856 3tt33
1378 1731 1441 1806 οόκ
1462 1734 1620 1821 ἐβούλετο

374 1826 394 1902 3
424 1831 495 1915 υιὸς
527 1838 632 1921 δῆλον
659 1829 700 1905 όι
723 1862 775 1905 ων
799 1852 1021 1922 παραιτεῖται.
1063 1840 1118 1904 καὶ
1150 1824 1248 1916 αὖθις
1282 1829 1340 1905 »03
1373 1839 1482 1923 ζητῶ(
1518 1841 1622 1953 φησὶν

376 1930 435 2002 »τό
458 1938 590 2021 θέλημα
612 1930 654 2004 τό
677 1931 758 2019 έμὸν
781 1928 866 2004 ἀλλὰ
889 1932 929 2004 τό
952 1938 1084 2022 θέλημα
1106 1939 1169 2004 τοῦ
1190 1929 1389 2022 πέμψαντός
1404 1963 1442 2023 με
1457 1931 1620 2022 πατρόςι.

373 2038 449 2114 πῶς
471 2025 534 2104 οὖν
556 2032 618 2104 διὰ
642 2032 716 2122 τὴν
736 2037 778 2103 ἐν
801 2024 948 2105 άπασιν
970 2041 1208 2120 συμφωνίαν
1231 2030 1302 2102 τόν
1326 2039 1486 2123 σωτῆρα
1513 2038 1618 2122 είρη-
1639 2045 1673 2099 19

374 2136 488 2202 κέναι
511 2139 614 2221 φησίν
638 2132 736 2220 »έγώ
758 2138 824 2201 καὶ
846 2126 865 2202 3
887 2131 1016 2221 πατὴρ
1040 2132 1081 2219 έν
1103 2137 1259 2220 έσμεν«,·

310 2236 367 2302 καὶ
389 2230 475 2320 μετὰ
496 2237 618 2319 βραχέα
635 2236 780 2320 ἐπιλέγει

374 2333 444 2417 (Nr.
458 2337 509 2415 65)
532 2339 608 2414 πῶς
630 2339 867 2421 συμφωνίαν
888 2333 975 2420 ἔχειν
996 2328 1081 2419 πρὸς
1104 2330 1168 2402 τόν
1188 2335 1320 2417 πατέρα
1342 2326 1361 2401 3
1383 2329 1457 2413 υίὸς
1478 2329 1621 2402 δύναται

374 2424 574 2520 ἢόπατὴρ
595 2428 682 2519 πρός
705 2429 768 2503 τόν
789 2427 879 2513 υἱόν,
912 2436 975 2502 τοῦ
1004 2433 1079 2502 υἱοῦ
1112 2427 1244 2502 »πάντα
1274 2424 1337 2501 όσα
1368 2433 1433 2518 ἔχει
1463 2425 1618 2520 όπατὴρ

373 2527 435 2619 έμά
457 2534 566 2601 έστινι
592 2537 763 2617 λέγοντος.
805 2529 966 2619 ἄντικρυς
987 2529 1049 2617 γὰρ
1068 2536 1360 2613 πλεονεκτοῦντας
1390 2521 1433 2619 ἦν
1459 2536 1522 2602 τοῦ
1542 2534 1619 2601 υίοῦ

374 2628 437 2702 τόν
459 2636 589 2718 πατέρα
612 2628 652 2701 τὸ
676 2627 942 2727 λέγεινθιπάντα
964 2625 1026 2702 ὅσα
1048 2631 1113 2717 ἔχει
1135 2624 1155 2700 3
1176 2627 1290 2719 πατὴρ
1306 2626 1367 2718 έμά
1389 2634 1509 2701 έστινι.
1540 2629 1618 2701 τού·
1635 2644 1671 2698 20

375 2757 436 2799 του
459 2729 520 2818 γὰρ
541 2727 639 2817 χάριν
668 2736 785 2818 παρείς
811 2726 853 2800 τό
874 2726 991 2801 πάντα
1017 2721 1080 2800 ὅσα
1109 2730 1173 2817 ἔχει
1204 2723 1223 2800 3
1253 2731 1367 2819 πατὴρ
1396 2726 1495 2801 κοινά
1526 2733 1618 2801 έστιν

374 2834 480 2899 εἰπεῖν
512 2825 644 2900 »πάντα
671 2822 733 2900 ὅσα
755 2832 819 2917 ἕχει
840 2824 859 2900 3
881 2827 994 2918 πατὴρ
1016 2824 1077 2915 ἐμά
1099 2831 1209 2898 ἐστιν(
1235 2830 1307 2918 ἔφη.
1348 2837 1462 2902 καίτοι
1487 2824 1550 2899 οόκ
1576 2820 1619 2918 ἦν

374 2931 462 3000 ἴδιον
485 2934 551 2999 τοῦ
571 2934 839 3017 συμφωνοῦντος
862 2920 956 3000 οὕτω
980 2932 1096 3015 λέγειν,
1128 2922 1228 2999 ἇλλά·
1264 2925 1379 3000 πάντα
1409 2922 1471 3000 ὅσα
1503 2932 1567 3017 ἔχει
1599 2922 1618 2999 3

375 3026 488 3116 πατὴρ
510 3055 609 3099 κοινα
599 3024 730 3099 ἐστιν.
774 3034 803 3099 εί
826 3025 888 3117 γὰρ
910 3030 944 3098 αλ
967 3034 1040 3098 τοῖιν
1062 3023 1272 3099 ἀποστόλων
1291 3024 1431 3115 Πράξεις
1457 3026 1522 3118 τὴν
1544 3055 1620 3098 των

375 3133 563 3215 τηνικαῦτα
581 3123 802 3216 προσιόντων
823 3135 866 3216 τῇ
888 3135 999 3197 πίστει
1025 3133 1225 3215 συμφωνίαν
1255 3131 1454 3198 έπαινοῦσαι
1488 3123 1620 3197 »πάντα

374 3217 417 3314 ἦν
436 3222 564 3308 αὐτοῖς
593 3226 709 3297 κοινά(
743 3228 886 3314 ἔφασαν,
917 3232 973 3296 καὶ
1003 3221 1054 3295 ἐπ’
1086 3221 1290 3314 ἀνθρώπων
1320 3232 1395 3297 τῶν
1425 3244 1621 3314 συμφωνεῖν

375 3330 575 3445 δυναμένων
595 3324 695 3396 κοινὰ
717 3328 802 3397 εἶναι
824 3322 939 3397 πάντα
962 3332 1109 3413 νομίζειν
1131 3321 1269 3413 ὀφείλει,
1292 3324 1390 3413 πόσῳ
1405 3331 1539 3414 μᾶλλον
1554 3327 1620 3396 ἔδει

374 3423 439 3496 τόν
458 3432 590 3512 πατέρα
611 3421 752 3495 καὶτὸν
774 3422 849 3495 υἱόν
870 3432 1054 3505 κοινωνίας
1074 3429 1234 3514 μετέχειν,
1261 3429 1307 3507 εἰς
1333 3419 1439 3496 δύο
1417 3420 1620 3506 υποστάσεις

374 3528 607 3613 διῃρημένους
633 3531 708 3596 νυνί
730 3528 766 3594 δὲ
787 3528 824 3594 έν
845 3529 906 3606 μὲν
928 3529 980 3614 τῷ
1003 3529 1112 3612 λέγειν
1136 3521 1269 3596 »πάντα
1292 3517 1354 3595 ὅσα
1377 3527 1441 3612 έχει
1464 3518 1483 3595 3
1505 3522 1621 3612 πατὴρ

373 3620 435 3711 ἐμά
456 3626 564 3694 ἐστιν(
590 3617 853 3696 πλεονεκτωνό
880 3620 954 3704 υἱὸς
980 3620 1043 3693 τόν
1068 3630 1199 3711 πατέρα
1225 3628 1395 3709 φαίνεται·
1431 3627 1468 3695 έν
1499 3629 1535 3696 δὲ
1567 3629 1619 3714 τῷ

374 3720 516 3809 φάσκειν
537 3727 618 3812 μηδὲ
640 3728 704 3794 τοῦ
727 3724 849 3793 ἑαυτοῦ
864 3718 969 3808 λόγου
982 3720 1100 3811 κόριον
1114 3723 1208 3806 εἶναι,
1233 3719 1320 3795 άλλὰ
1342 3729 1397 3794 καὶ
1413 3721 1541 3795 τούτου
1557 3721 1620 3793 τόν

372 3827 503 3909 πατέρα
526 3816 596 3908 (νόι
621 3822 684 3911 γὰρ
710 3820 828 3912 »λόγος
850 3813 891 3893 όν
913 3818 1071 3894 άκοόετει
1097 3832 1200 3911 φησίν
1224 3818 1304 3923 »οὐκ
1326 3823 1419 3892 ἔστιν
1438 3820 1516 3910 έμός
1531 3818 1618 3894 άλλά
1636 3834 1669 3888 21

395 3991 532 4047 616661.
551 3994 592 4058 26,
610 3993 644 4048 36
661 4022 695 4033 -
712 3995 731 4050 6
750 3992 848 4046 Matth.
867 3993 908 4058 26,
927 3994 959 4046 36
982 4020 1015 4030 -
1044 3991 1177 4046 7Matth.
1196 3994 1237 4059 26,
1255 3994 1288 4048 36
1314 4021 1348 4031 -
1373 3991 1511 4047 616666
1528 3993 1570 4056 26,
1587 3993 1620 4049 36

310 4122 344 4133 -
365 4093 402 4148 16
422 4093 482 4147 Joh.
501 4095 525 4157 5,
542 4095 578 4150 36
595 4124 627 4133 -
648 4094 685 4152 16
704 4094 765 4149 Joh.
785 4095 825 4159 10,
843 4094 876 4148 30
895 4123 927 4131 —
947 4093 985 4148 16
1003 4092 1064 4147 Joh.
1084 4096 1123 4159 16,
1143 4097 1175 4149 15
1200 4123 1234 4133 -
1261 4092 1491 4158 21Joh.16,15
1518 4124 1552 4134 -
1579 4094 1619 4150 26

311 4194 372 4249 Joh.
392 4196 431 4253 16.
451 4198 484 4251 15
501 4224 535 4235 —
554 4195 593 4250 26
611 4197 671 4250 Λο6
688 4197 713 4259 4,
732 4197 766 4250 32
783 4224 817 4234 -
835 4194 876 4251 36
893 4192 954 4248 Joh.
974 4194 1014 4259 16,
1034 4197 1065 4248 16
1083 4223 1117 4233 -
1135 4193 1174 4250 66
1191 4194 1254 4251 Joh.
1272 4197 1313 4257 14,
1331 4196 1365 4248 24

397 4344 507 4401 2ιιατὰ
525 4342 558 4400 τό
576 4358 618 4398 mr
640 4343 694 4414 vgl.
713 4345 741 4399 Ζ.
760 4345 794 4399 10
811 4341 844 4399 τὸ
862 4340 935 4399 κατὰ
953 4344 1004 4412 τὴν
1023 4344 1073 4412 σὴν
1092 4345 1116 4396 V
1142 4345 1147 4414 Ι
1173 4344 1305 4414 4τοῦτο]
1323 4350 1357 4409 ÷
1373 4342 1446 4412 μλνθ
1473 4343 1478 4410 Ι
1512 4342 1548 4398 11
1569 4346 1622 4397 τοῦ

311 4443 342 4502 33
358 4445 397 4513 μὴ
416 4442 553 4510 θέλοντος
570 4447 609 4499 V²
626 4446 691 4501 311.
718 4447 724 4515 Ι
752 4445 790 4501 12
809 4440 826 4499 ό
844 4440 986 4517 ἐβούλετο]
1005 4427 1126 4500 ποτέτθ
1152 4447 1157 4514 Ι
1183 4447 1221 4503 21
1240 4444 1273 4501 τό
1291 4443 1383 4516 λέγειν
1405 4445 1442 4499 Κ]
1466 4444 1523 4514 vgl.
1542 4443 1568 4499 7,
1587 4446 1621 4499 24

310 4552 363 4603 τοῦ
380 4543 514 4615 λέγοντος
532 4548 557 4601 V
582 4549 587 4614 1
615 4547 654 4603 22
678 4544 763 4619 χάριν
781 4544 837 4616 γὰρ
855 4546 907 4608 V*,
933 4566 970 4595 ω
997 4546 1035 4599 V¹
1060 4548 1065 4612 1
1092 4546 1131 4602 26
1158 4544 1266 4617 ὀφείλει
1292 4547 1338 4603 Mo
1365 4544 1584 4616 ὀφειλόντωνλ*
1616 4560 1618 4571 ·

311 4647 353 4702 26
371 4642 443 4716 υἱόν]
461 4654 493 4712 ÷
511 4654 559 4715 τῆς
577 4643 662 4714 αὐτῆς
679 4649 725 4702 Μο
