3698 5510
611 456 1121 546 ιεοαιαῑωυαοεεοιορςῑτιεο.
1479 485 1519 548 67

205 632 399 726 αῦτολόγον
425 646 480 710 καὶ
511 635 756 729 <αῦτο>συφίαν
786 645 903 727 σοφῶς
925 638 968 710 τά
989 636 1104 712 πάντα
1125 645 1181 711 καλ
1208 648 1354 729 λογικῶς
1379 636 1518 729 ῦφιστά·

204 732 310 826 μενόν
333 766 369 809 τε
390 745 447 809 καὶ
469 744 675 824 διοικοῦντα,
698 730 750 809 ῶν
771 736 813 828 δῆ
827 735 925 827 χάριν
944 737 1129 829 μονογενῆς
1143 736 1216 822 υἱός
1230 745 1294 811 τοῦ
1308 745 1393 813 θεοῦ
1413 737 1518 831 μόνος

204 832 312 920 αῦτός
334 845 390 909 καὶ
412 834 522 921 οῦδείς
544 835 651 921 ἄλλος
672 834 895 929 άνηγόρευταί
917 864 954 910 τε
975 845 1031 909 καλ
1052 840 1153 910 ἐστιν.

286 943 310 1011 θ
332 930 418 1010 όθεν
440 934 584 1020 εἰκότως
606 937 650 1010 ἄν
672 967 724 1021 τις
746 942 916 1028 μέμφαιτο
931 956 1005 1021 τοῖς
1018 945 1141 1028 κτίσμα
1158 935 1265 1011 αὐτόν
1279 935 1385 1026 φάναι
1400 949 1517 1012 τετολ-
1535 950 1580 1011 ὅτι
1591 958 1629 1025 μη
1642 964 1702 1022 τοῖς

169 1035 363 1124 ῠμηκόσιν,
394 1042 429 1125 ἐξ
455 1045 461 1126 Ι
489 1034 552 1110 οῦκ
582 1030 699 1110 όντων
726 1032 853 1128 ὁμοίως
875 1056 949 1120 τοῖς
970 1049 1105 1119 λοιποῖς
1125 1045 1303 1126 κτίσμασιν
1324 1033 1517 1128 γενόμενον.
1534 1040 1568 1097 ⁰⁷
1584 1044 1703 1107 πολλοῖς

200 1144 257 1208 καλ
279 1144 359 1222 πῶς
380 1137 443 1228 γάρ
465 1141 517 1208 ἐτι
538 1141 632 1209 ἐσται
646 1133 733 1222 υίός;
753 1144 830 1220 πῶς
844 1142 880 1207 δέ
894 1134 1082 1226 μονογενὴς
1101 1143 1164 1209 τοῦ
1178 1142 1264 1209 θεοῦ
1286 1132 1304 1209 ὁ
1327 1136 1393 1226 τὴν
1408 1133 1517 1226 αῦτῆν
1542 1127 1700 1250 δῑίῆμασθι

200 1255 275 1319 τοῖς
299 1247 435 1320 λοιποῖς
454 1245 633 1327 κτίσμασιν
654 1232 923 1326 ἐπιγραφόμενος
946 1234 1062 1322 φόσιν;
1088 1234 1196 1325 ταῦτη
1218 1236 1281 1326 γάρ
1302 1233 1452 1325 άδελφός
1474 1233 1516 1308 άν
1534 1212 1592 1316 ομά
1603 1213 1690 1327 ίόῆέα

200 1333 344 1408 τοῦτων
365 1344 500 1426 γίνοιτο
522 1342 665 1427 μᾶλλον,
689 1331 762 1426 οῦγλ
777 1342 813 1408 δέ
827 1334 899 1420 υίὸς
914 1342 978 1408 τοῦ
996 1342 1089 1420 θεοῦ,
1113 1343 1187 1408 τῶν
1205 1363 1243 1406 τε
1255 1341 1402 1409 πολλῶν
1423 1364 1516 1427 γενη
1562 1324 1675 1399 ἐπόθη·

199 1442 275 1507 τῶν
307 1439 402 1507 ἔστω
432 1434 494 1527 είς,
523 1431 584 1509 ῦτε
605 1442 667 1527 τῆς
688 1440 723 1522 ἐξ
745 1433 808 1508 οῦκ
829 1428 946 1506 όντων
965 1442 1108 1519 κτίσεως
1130 1429 1257 1525 ὁμοίως
1279 1431 1395 1517 αῦτοῖς
1415 1463 1516 1526 μετα·

152 1546 182 1597 1⁰
199 1535 296 1623 σχῶν
319 1543 513 1620 κοινωνίας.
556 1532 632 1608 ἄλλ’
653 1532 713 1625 οῦχ
737 1526 802 1606 ῶδε
829 1534 873 1607 τά
903 1542 981 1606 θεῖα
1002 1543 1079 1625 περὶ
1105 1532 1211 1606 αῦτοῦ
1232 1533 1380 1607 παιδεῦει
1410 1532 1516 1625 λόγια.
1550 1549 1567 1604 2

198 1629 276 1705 ἀλλ’
302 1628 363 1705 ὅτε
383 1641 445 1723 μὲν
467 1640 529 1725 τῆς
551 1641 624 1707 τῶν
646 1641 801 1725 γενητῶν
820 1630 997 1724 ὑπάρξεως
1023 1633 1089 1725 τῆν
1118 1640 1337 1707 διδασκαλίαν
1358 1652 1515 1715 ποιεῖται,

201 1728 348 1820 άθρόως
370 1733 413 1806 τά
435 1732 551 1808 πάντα
571 1753 735 1826 μαρτυρεῖ
754 1731 795 1805 δι’
818 1730 925 1806 αῦτοῦ
946 1740 1133 1823 γεγονέναι·
1175 1731 1326 1806 επάντα(
1360 1733 1422 1824 γάρ
1454 1730 1515 1806 »δι’

202 1829 314 1904 αὐτοῦ
329 1836 474 1922 ἐγένετο,
495 1840 551 1906 καὶ
565 1840 669 1925 χωρίς
683 1830 789 1906 αῦτοῦ
803 1837 937 1923 ἐγένετο
953 1830 1030 1905 οῦδὲ
1045 1837 1099 1906 ἐν(
1117 1842 1174 1905 καὶ
1191 1837 1247 1905 »ἐν
1262 1829 1356 1924 αὐτῷ
1375 1836 1516 1925 ἐκτίσθη

201 1932 247 2004 τά
270 1930 389 2004 πάντα
411 1933 455 2006 τά
477 1937 515 2005 ἐν
537 1951 610 2016 τοῖς
632 1929 790 2023 οῦρανοῖς
811 1942 867 2004 καὶ
888 1930 931 2005 τά
953 1938 1009 2006 ἐπὶ
1031 1940 1092 2024 τῆς
1114 1939 1187 2024 γῆς,
1219 1938 1286 2006 εἴτε
1317 1929 1427 2022 ὁρατά
1447 1937 1515 2005 εἴτε

152 2043 183 2095 15
202 2028 355 2119 άόρατατ
380 2040 436 2105 καὶ
461 2030 523 2105 »τά
544 2029 660 2106 πάντα
681 2026 724 2104 δι’
745 2028 852 2105 αῦτοῦ
866 2039 922 2104 καὶ
945 2039 991 2116 είς
1013 2029 1121 2106 αῦτόν
1141 2034 1302 2105 ἔκτισται·
1334 2041 1389 2105 καὶ
1413 2031 1516 2117 αῦτός

201 2136 299 2204 ἐστιν
330 2132 399 2223 πρό
430 2130 577 2205 πάντων
607 2140 664 2204 καὶ
694 2131 737 2205 τά
767 2130 881 2204 πάντα
903 2137 941 2204 ἐν
962 2129 1056 2223 αῦτῷ
1080 2137 1301 2221 συνέστηκενι
1333 2131 1421 2205 κατά
1454 2132 1515 2215 τάς

201 2227 438 2314 άποστολικάς
453 2238 678 2315 διδασκαλίας.
699 2228 758 2303 ότε
773 2237 808 2303 δὲ
823 2233 889 2321 τῆν
897 2239 974 2323 περὶ
989 2227 1095 2305 αῦτοῦ
1105 2241 1289 2322 θεολογίαν
1299 2229 1430 2321 εἰσάγει,
1440 2239 1514 2304 τῶν
1547 2246 1564 2300 3

199 2338 264 2421 μέν
281 2337 418 2403 λοιπῶν
432 2327 601 2404 ἁπάντων
622 2328 730 2404 αῦτόν
753 2327 916 2421 ἀφορίζει,
939 2330 1057 2420 κόριον
1078 2337 1115 2402 δέ
1136 2327 1245 2404 αῦτόν
1265 2336 1321 2402 καὶ
1345 2328 1514 2424 δεσπότην

199 2438 258 2502 καλ
280 2428 488 2521 δημιουργόν
510 2437 566 2502 καὶ
589 2431 675 2504 θεὸν
696 2439 752 2503 καὶ
774 2437 912 2522 σωτῆρα
934 2437 1008 2503 τῶν
1034 2424 1129 2503 όλων
1151 2432 1256 2516 οίδεν,
1286 2438 1454 2523 μονογενῆ
1476 2460 1514 2505 τε

149 2536 183 2592 20
201 2529 281 2603 υίόν
305 2536 390 2602 θεοῦ
411 2526 519 2619 μόνον
540 2526 648 2603 αότόν
668 2538 725 2603 καὶ
747 2527 869 2603 οόδένα
890 2528 1002 2602 ἄλλον
1023 2525 1221 2617 άπυφαίνει,
1244 2538 1370 2618 σοφίαν
1395 2559 1433 2601 τε
1457 2539 1513 2603 καὶ

201 2626 312 2719 λόγον
334 2637 390 2700 καλ
412 2628 503 2718 ζωὴν
525 2637 581 2701 καὶ
604 2637 679 2716 φῶς
700 2626 809 2719 μόνον
830 2626 938 2702 αῦτόν
958 2626 1137 2713 άποκαλεῖ,
1164 2627 1313 2702 »είκόναε
1337 2635 1409 2719 <τε>
1434 2637 1515 2704 »τοῦ

200 2737 288 2802 θεοῦ
311 2735 375 2802 τοῦ
396 2724 563 2818 άοράτουτ
593 2737 650 2800 καὶ
678 2724 896 2819 »άπαῦγασμα
924 2728 1043 2817 φωτός
1064 2726 1208 2814 άιδίουτ,
1235 2725 1333 2817 ἐτερά
1355 2758 1392 2801 τε
1414 2728 1515 2820 μόρια

201 2827 345 2912 τούτοις
366 2825 497 2915 άδελφά
518 2833 597 2916 περὶ
618 2825 726 2901 αῦτοῦ
747 2826 900 2915 δοξάζειν
922 2825 1084 2911 διδάσκει,
1107 2819 1176 2900 ῶδέ
1194 2856 1243 2919 πη
1266 2834 1326 2919 τῆς
1347 2836 1515 2920 πατρικῆς

202 2925 378 3018 θεότητος
400 2926 466 3017 τῆν
487 2925 574 3016 πρός
596 2924 706 3017 μόνον
732 2924 838 3001 αότόν
865 2925 990 3000 ῶσανελ
1016 2926 1103 3015 πρὸς
1132 2925 1207 2999 υἱόν
1235 2934 1403 3019 μονογενῆ
1433 2927 1515 3002 ίδιά-

150 3032 183 3088 25
203 3038 332 3113 ζουσαν
361 3032 472 3115 σχίσιν
493 3026 756 3118 ἐπιδεικνύμενα.
802 3025 855 3099 διό
885 3035 941 3099 καὶ
971 3026 1046 3099 υίόν
1077 3023 1254 3116 άγαπητόν
1285 3024 1513 3120 άνεκῆρυττεν
1547 3049 1565 3101 4

201 3124 313 3215 μόνον
344 3122 452 3198 αῦτόν
483 3123 567 3215 άμφὶ
599 3126 642 3199 τά
671 3124 842 3215 Ἰορδάνου
872 3129 991 3216 ῥεῖθρα
1024 3123 1045 3216 ῆ
1075 3127 1223 3216 πατρικῆ
1256 3127 1357 3218 φωνὴ
1388 3125 1513 3217 μεγάλη

203 3232 422 3315 μαρτυροῦσα
443 3233 507 3315 βοῆ
537 3232 592 3299 511
624 3218 746 3310 »οῦτός
776 3232 868 3298 ἐστιν
899 3222 918 3298 ό
948 3222 1020 3308 υίός
1050 3254 1116 3315 μου
1146 3220 1165 3297 ό
1196 3221 1385 3315 ἀγαπητός,
1416 3230 1453 3299 ἐν
1484 3220 1512 3317 ᾧ

203 3322 411 3415 ηόδόκησατ.
455 3333 511 3397 καλ
538 3331 692 3413 δευτεροῖ
716 3355 751 3416 γε
775 3325 839 3416 τῆν
859 3333 1047 3416 μαρτυρίαν
1072 3330 1127 3394 καὶ
1150 3329 1204 3396 ἐπὶ
1227 3331 1288 3414 τῆς
1310 3330 1347 3397 ἐν
1369 3333 1420 3416 τῷ
1443 3320 1515 3415 όρει

202 3424 504 3514 μεταμορφώσεως
524 3426 589 3499 τόν
610 3423 717 3497 αῦτόν
738 3429 1042 3515 ἐπισφραγιζομένη
1058 3422 1172 3513 λόγον.
1205 3419 1310 3495 αῦτοῦ
1330 3432 1514 3516 τοιγαροῦν
1548 3446 1564 3499 5

292 3645 388 3700 2-10
415 3646 469 3713 καλ
485 3647 609 3702 Socrates
634 3648 661 3701 h.
680 3664 703 3702 ε.
726 3648 750 3713 2,
760 3648 792 3702 21
811 3646 863 3716 (od.
881 3646 1010 3715 Ηυεεεγ)ε
1037 3641 1200 3701 ἐπάκουσον
1222 3637 1270 3702 σία
1295 3643 1428 3717 Εὐσέβιος
1448 3647 1515 3715 περὶ

202 3745 310 3803 τοῦτον
336 3743 367 3801 ἐν
394 3753 435 3817 τῷ
453 3744 559 3821 πρώτῳ
576 3748 676 3823 βιβλίῳ
693 3754 734 3823 τῷ
760 3748 788 3818 (1.
811 3747 899 3817 τῶνλ)
916 3741 991 3815 πρὸς
1009 3744 1180 3817 Μάρκελλον
1197 3743 1271 3802 κατὰ
1289 3744 1364 3812 λέξιν
1382 3747 1478 3816 φησίν
1498 3747 1514 3801 ὁ

202 3849 366 3919 μονογενὴς
383 3888 491 3904 .....
509 3848 634 3906 παιδεῦει
652 3845 744 3922 λόγια.
762 3879 795 3890 -
823 3851 841 3905 4
860 3849 915 3919 vgl.
934 3846 1299 3919 Ερίρίι.1ιευε.ῦθ,34λ-
1318 3848 1356 3903 12
1375 3848 1436 3904 soh.
1456 3851 1479 3913 1,
1498 3850 1514 3903 3

204 3980 237 3990 -
268 3950 386 4006 181101.
406 3953 429 4017 1,
448 3950 481 4005 16
503 3979 536 3990 -
565 3951 724 4017 1511011,
744 3952 784 4007 16.
804 3954 834 4006 17
852 3980 885 3990 —
904 3950 942 4005 21
962 3949 1023 4004 1101.
1042 3950 1226 4012 1‚15-22
1246 3948 1349 4004 Weish.
1366 3949 1421 4003 Sal.
1440 3951 1464 4013 7,
1481 3951 1515 4005 26

204 4082 240 4092 -
258 4053 296 4109 27
316 4052 416 4107 Matth.
434 4055 458 4114 3,
478 4055 509 4107 17
528 4052 589 4107 Par.
607 4082 640 4091 —
658 4053 698 4109 28
716 4053 815 4107 Matth.
834 4055 873 4117 17,
891 4054 907 4105 b
925 4051 987 4105 Par.

294 4236 309 4290 1
339 4233 516 4305 αδεσσοφίαν
534 4247 576 4288 mr
604 4236 609 4304 l
636 4234 654 4289 2
679 4232 774 4307 χάριν]
792 4244 823 4300 λ-
843 4226 860 4290 ό
877 4236 950 4288 θυαε.
975 4235 981 4303 1
1009 4234 1027 4287 θ
1055 4229 1145 4298 οὐδείς
1164 4232 1215 4287 We
1231 4233 1287 4303 vgl.
1306 4233 1333 4287 Z.
1351 4234 1385 4289 20
1407 4231 1471 4289 οῦδὲ
1491 4234 1514 4286 V

206 4337 280 4391 θυαε.
307 4340 313 4405 Ι
339 4336 357 4392 5
381 4330 484 4405 δμοιον
506 4337 579 4392 θυαε.
605 4338 610 4403 Ι
638 4336 678 4392 λί
698 4334 787 4404 ταῦτα
805 4365 838 4375 -
860 4339 931 4391 θεοῦ
958 4343 991 4394 <
1012 4333 1084 4387 θουτ.
1112 4334 1117 4401 Ι
1144 4334 1183 4391 10
1209 4335 1369 4404 κοινωνίας]
1396 4337 1444 4389 stt.
1462 4334 1514 4389 We

205 4438 257 4493 καλ
282 4456 308 4492 κ.
332 4435 391 4492 cod.
410 4438 439 4492 M
457 4437 504 4493 bei
522 4438 595 4492 θουτ.
622 4439 627 4505 Ι
653 4438 718 4510 περί
745 4435 832 4492 αὐτοῦ
859 4436 896 4492 τὰ
914 4440 980 4493 θεῖα
999 4436 1072 4490 Socr.
1098 4436 1103 4501 Ι
1131 4434 1171 4489 20
1190 4431 1270 4491 οὐδὲν
1289 4435 1336 4497 Ψ,
1355 4451 1423 4489 corr.
1441 4435 1477 4489 V¹
1509 4472 1512 4501 5

208 4537 247 4592 21
266 4555 298 4595 τε
316 4556 345 4592 m
370 4539 376 4607 1
408 4538 446 4594 25
465 4535 677 4607 ἐπιδεικνύμενα
697 4538 740 4594 θα
757 4538 812 4608 vgl.
830 4538 857 4592 Ζ.
867 4540 900 4594 10
917 4533 1126 4605 ἐπιδεικννμένη
1140 4536 1165 4590 V
1197 4537 1202 4604 Ι
1237 4535 1294 4590 2111
1317 4533 1426 4604 μεγάλη
1444 4554 1514 4605 μαρ·

207 4646 333 4710 κυροῦσα
351 4643 407 4712 βοᾶ
426 4641 459 4709 λ’,
478 4658 545 4696 corr.
564 4640 600 4694 Kl
618 4640 674 4711 τρὶ.
693 4640 727 4695 de
745 4641 810 4694 ecel.
826 4639 865 4694 th.
884 4641 918 4707 11,
937 4640 1012 4703 23‚5

1266 4722 1302 4773 5*
