3728 5508
930 476 1062 532 Eusebius

402 647 542 727 τίμησιν
564 646 615 729 τῷ
638 637 787 728 διαβόλῳ
810 639 898 712 κατὰ
921 640 986 727 τὴν
1007 647 1221 729 προφητείαν
1236 642 1344 711 εἰπών
1369 638 1522 713 »ἄπελθε
1546 636 1663 712 ὀπίσω

400 768 474 829 μου,
491 745 628 819 σατανῦ,
651 733 706 810 ότι
721 737 913 811 σκάνδαλον
927 742 958 809 εἱ
970 744 1071 827 ἐμοίι.
1107 730 1209 821 οὗτος
1230 746 1349 810 τοίνυν
1363 742 1459 810 ἐστὶν
1475 735 1494 811 6
1510 740 1619 829 ἱερεὺς
1643 736 1663 811 6

400 847 510 929 μέγας,
533 830 573 909 οῦ
596 837 708 909 τύπον
730 842 854 926 ἔσωζεν
877 835 896 910 6
919 845 1105 928 τηνικαῦτα
1126 835 1258 927 Ἰησοῦς.
1293 835 1335 911 06
1355 840 1420 928 γάρ
1442 833 1487 927 ἦν
1508 837 1664 910 δυνατὸν
1702 847 1717 899 7

401 944 534 1011 ἐκεῖνον
555 946 659 1027 μέγαν
682 946 852 1029 κληθῆναι
874 942 976 1025 ἱερέα,
997 946 1109 1010 καίτοι
1131 941 1271 1023 ἔνδοξον
1292 943 1330 1008 ἐν
1351 945 1457 1011 πᾶσιν
1478 936 1662 1028 γεγονότα,

305 1052 318 1063 ’
401 1045 555 1120 Μωσέως
570 1037 614 1127 μὴ
631 1034 885 1128 ὀνομασθέντος
899 1035 1047 1127 μεγάλου
1063 1030 1173 1125 (οῦπω
1189 1039 1251 1125 γάρ
1265 1044 1366 1127 μέγας
1381 1029 1425 1124 ἦν
1441 1044 1581 1127 Μωσῆς,
1606 1032 1664 1110 ότι

401 1145 456 1210 καὶ
490 1133 657 1224 θεράπων
687 1135 832 1226 ἤκουσεν
854 1144 939 1208 θεοῦ
965 1146 1020 1207 καὶ
1046 1134 1127 1218 θεὸς
1149 1143 1212 1208 τοῦ
1236 1139 1361 1224 Φαραώ
1384 1133 1440 1207 ὑπ’
1465 1134 1665 1257 αὐτοῦτοῦ

401 1244 487 1309 θεοῦ
504 1234 723 1359 ώνομάσθη).
734 1243 739 1323 1
759 1243 787 1307 εί
809 1240 847 1306 δέ
867 1264 920 1318 τις
934 1236 1022 1307 κατὰ
1038 1242 1143 1307 τοῦτο
1158 1242 1263 1324 μέγαν
1278 1235 1486 1325 εἰρῆσθαι
1449 1265 1516 1307 τον
1531 1233 1667 1325 Ἰησοῦν
1703 1250 1740 1317 81
1757 1250 1792 1306 11

402 1331 587 1426 νομίζοι,”
569 1366 622 1408 οτι
643 1334 746 1418 αὐτὸς
762 1337 894 1455 ἠξιώθη
916 1341 1101 1424 εἰσαγαγεῖν
1122 1332 1186 1403 τόν
1208 1332 1293 1405 λαὸν
1315 1341 1362 1418 είς
1385 1364 1451 1424 την
1472 1331 1576 1424 ἁγίαν
1599 1343 1667 1425 γῆν

403 1438 492 1507 καὶ“
476 1465 573 1524 ετερα
587 1437 701 1515 πολλὰ
717 1433 896 1524 θαυμαστὰ
911 1438 1077 1523 ἐποίησεν,
1100 1433 1225 1522 γνώτω
1240 1463 1295 1504 και
1284 1433 1365 1504 διὰ
1381 1433 1520 1517 τοῦτου,
1543 1429 1601 1504 ότι
1623 1431 1667 1506 06

404 1544 455 1627 τῷ
473 1542 605 1625 τυπικῷ
623 1542 794 1606 τοσοῦτον
815 1538 969 1621 διέφερεν
984 1530 1155 1660 πράγματι
1171 1561 1212 1602 το
1199 1531 1351 1620 λεχθέν
1364 1538 1510 1622 μέγεθος
1525 1536 1583 1604 ἐπι
1599 1539 1666 1604 τοῦ

401 1633 516 1725 Ἰησοῦ,
540 1631 627 1707 άλλά
650 1641 700 1724 τῷ
723 1632 845 1722 μικρὸν
867 1627 1010 1719 ὕστερον
1025 1634 1088 1704 τὸν
1103 1634 1228 1702 εαυτου
1213 1631 1328 1703 λαὸν
1351 1639 1398 1714 είς
1420 1630 1486 1722 τὴν
1508 1628 1665 1721 μεγάλην

402 1734 535 1824 ταύτην
554 1729 766 1855 Ἰερουσαλὴμ
790 1740 976 1821 εἰσαγαγεῖν
996 1736 1199 1821 μέλλον<τι>.

341 1830 422 1926 ὁρᾷς
441 1829 525 1905 ὅσον
543 1828 710 1954 ηγνόησεν
728 1830 985 1918 ἀποπλανηθεις
1004 1837 1064 1919 τῆς
1082 1835 1238 1919 ἱστορίας,
1263 1837 1319 1901 καὶ
1337 1833 1383 1921 μὴ
1403 1836 1572 1958 δυνηθεὶς
1591 1835 1664 1903 ἐπι-

341 1940 460 2023 στῆσαι
479 1940 527 2021 τῷ
543 1929 611 2002 ῦπὸ
626 1938 690 2001 τοῦ
704 1928 887 2019 προφήτου
903 1938 1070 2018 Ζαχαρίου
1085 1927 1295 2018 δηλωθέντι’
1295 1937 1400 2019 Ιησοῦ.
1423 1926 1442 2001 6
1458 1936 1521 2016 μὲν
1536 1930 1602 2019 γάρ
1617 1959 1664 2020 ην
1701 1944 1720 1996 9

291 2032 412 2114 15υίός
421 2005 578 2114 Ἰωσέδέκ,
593 2037 703 2150 φυλης
713 2024 904 2101 Λευιτών’
884 2058 952 2100 απο
939 2029 1085 2117 γένους
1094 2027 1223 2114 Ἀαρών
1239 2029 1302 2118 τὴν
1318 2054 1573 2119 αρχιερωσυνην
1582 2059 1665 2101 τινα

342 2138 547 2218 δεδεγμένος,
563 2127 641 2214 παρ’
658 2158 676 2199 ο
660 2123 747 2199 καὶ
761 2135 863 2217 μέγας
878 2129 983 2215 ἱερεὺς
996 2125 1266 2217 ἐχρημάτιζεν,“
1237 2154 1351 2213 ωσπερ
1363 2121 1426 2201 οῦν
1440 2124 1459 2199 6
1475 2126 1665 2219 προφήτης

342 2228 490 2303 διδάσκει
506 2236 616 2316 λέγων
634 2235 706 2298 »καί
722 2232 845 2314 ἔδειξέν
859 2256 915 2316 μοι
929 2233 986 2301 33¹
998 2227 1112 2314 κύριος
1121 2223 1247 2316 Ἰησοῦν
1263 2228 1327 2299 τὸν
1341 2229 1430 2316 ἱερέα
1446 2226 1512 2298 τόν
1525 2237 1665 2317 μέγαντ.

343 2325 361 2401 6
384 2335 420 2399 δέ
438 2334 588 2409 Μωσέως
610 2326 766 2414 διάδοχος
782 2326 864 2412 [υἱὸς
879 2334 959 2414 μέν],
981 2321 1000 2396 6
1022 2332 1069 2410 είς
1092 2325 1156 2416 τὴν
1178 2335 1241 2415 γῆν
1262 2334 1324 2411 τῆς
1346 2332 1549 2414 ἐπαγγελίας
1564 2326 1666 2415 ἄγων
1687 2347 1721 2397 10

343 2429 407 2500 τὸν
430 2425 515 2499 λαὸν
538 2434 593 2497 καὶ
614 2427 712 2515 ἱτερα
733 2426 846 2497 πολλὰ
868 2432 923 2494 καί
945 2425 1123 2513 θαυμαστά
1144 2423 1303 2514 ποιήσας,
1335 2424 1423 2506 ίυὶὸς
1454 2431 1533 2515 mv>
1565 2425 1665 2516 έτῦγ·

290 2546 323 2599 20
342 2556 444 2616 χανεν
467 2532 529 2596 τοῦ
553 2531 665 2613 Ναυῆ,
693 2531 805 2613 φυλῆς
832 2530 867 2593 δὲ
890 2529 951 2613 τῆς
971 2521 1123 2613 Ἐφραίμ,
1147 2521 1247 2595 οῦδὲν
1267 2523 1389 2595 κοινόν
1411 2524 1550 2613 έχοῦσης
1573 2526 1666 2614 πρὸς

340 2625 537 2715 ἱερωσύνην.
587 2620 605 2695 6
637 2631 757 2694 τοίνυν
788 2630 959 2694 τοσοῦτον
986 2620 1196 2710 ἀποσφαλεὶς
1226 2629 1288 2713 τῆς
1318 2632 1503 2712 προχείρου
1535 2632 1666 2710 λέξεως

341 2722 448 2814 ψιλήν
477 2753 515 2794 τε
547 2722 612 2812 τὴν
644 2727 798 2808 ἱστορίαν
830 2719 997 2811 άγνοὴσας
1024 2731 1100 2805 πώς
1131 2721 1172 2793 άν
1199 2728 1335 2811 γένοιτο
1363 2719 1550 2811 ἀξιόχρεως
1573 2724 1665 2813 πρὸς

342 2831 560 2897 διδασκαλίαν
582 2828 644 2909 τῆς
665 2819 839 2892 άνωτάτω
863 2830 1056 2909 θεολογίας·
1086 2829 1141 2891 καί
1167 2827 1222 2891 ἐπὶ
1250 2829 1313 2893 τοῦ
1334 2830 1470 2908 Πέτρου
1492 2829 1529 2894 δὲ
1552 2822 1664 2895 ώσαῦ·

342 2953 412 3003 τως
434 2927 611 3008 ἐπιστῆσαι
639 2928 717 2993 δέον
747 2918 788 2990 τὸ
818 2915 911 3001 ὅπως
942 2925 1062 3009 ἐλέχθη
1088 2919 1173 3008 πρὸς
1199 2920 1307 2993 αῦτὸν
1328 2922 1370 2992 τὸ
1396 2915 1523 3009 ιῦπαγε
1546 2917 1663 2994 όπίσω
1685 2945 1717 2995 11

290 3039 323 3092 25
340 3051 436 3111 μουι,
458 3027 514 3089 καί
537 3029 589 3101 τίς
611 3017 631 3109 ἦ
654 3027 718 3091 τοῦ
740 3024 870 3090 σατανᾶ
892 3015 1062 3107 ὀνόματος
1084 3022 1253 3107 ἑρμηνεία,
1278 3021 1332 3092 διὰ
1356 3027 1389 3090 τί
1411 3026 1524 3092 δὲκαὶ
1543 3021 1665 3093 »σκάν-

341 3128 465 3193 δαλον(
496 3115 602 3189 αὐτόν
629 3120 735 3199 εἶπεν,
766 3126 841 3199 πώς
872 3124 908 3188 δὲ
939 3117 1057 3205 σχεδὸν
1082 3115 1139 3205 ῦφ)
1163 3121 1221 3191 ἕνα
1242 3128 1299 3190 καὶ
1321 3119 1384 3191 τόν
1406 3116 1516 3192 αῦτόν
1538 3119 1665 3209 καιρὸν

340 3229 396 3292 καὶ
424 3219 464 3289 τὸ
489 3216 669 3306 »μακάριος
696 3219 727 3288 εἰ
746 3224 865 3306 Σίμων
886 3217 949 3304 βαρ
971 3214 1080 3288 Ἰωνᾶ(
1105 3218 1192 3305 πρὸς
1222 3215 1329 3288 αῦτὸν
1360 3222 1498 3306 ἐλέγετο
1530 3228 1589 3291 καὶ
1620 3221 1664 3291 τὸ

344 3315 467 3406 »ῦπαγε
485 3314 596 3389 όπίσω
610 3346 684 3405 μου,
704 3322 865 3398 σατανᾶι,
885 3324 941 3384 καὶ
956 3323 1007 3397 τίς
1023 3312 1043 3404 ἦ
1059 3313 1191 3388 διάνοια
1202 3323 1265 3387 τοῦ
1283 3312 1413 3388 »όπίσω
1428 3319 1660 3407 πορεύεσθαι(
1686 3340 1720 3393 12

342 3426 418 3506 [καὶ]
447 3424 510 3487 τοῦ
535 3421 692 3503 σωτῆρος
722 3415 781 3503 (ἢν
801 3415 893 3501 παρὰ
914 3412 1021 3496 πόδας
1043 3413 1145 3499 αὐτὸς
1174 3414 1377 3504 διεσάφησεν
1400 3415 1556 3504 συνάψας
1588 3421 1666 3508 ἑξῆς

290 3536 324 3590 30
342 3517 383 3589 τὸ
410 3521 457 3585 »εἴ
479 3546 530 3596 τις
551 3520 645 3584 θέλει
669 3508 779 3583 όπίοω
800 3542 866 3601 μου
888 3519 1011 3596 ἐλθεῖν,
1033 3512 1288 3603 ἀπαρνησάσθω
1310 3514 1438 3586 ἑαυτὸν
1459 3525 1517 3588 καί
1541 3515 1664 3606 ἀράτω

343 3617 406 3688 τὸν
429 3611 580 3703 σταυρὸν
601 3608 716 3691 αῦτοῦ,
739 3619 794 3681 καὶ
810 3608 1045 3684 άκολουθείτω
1060 3640 1150 3702 μοιι·
1173 3609 1191 3685 6
1215 3614 1255 3704 δὴ
1271 3623 1327 3685 καί
1343 3617 1433 3703 ἔργῳ
1450 3615 1665 3705 διεπράξατο

340 3713 464 3804 μικρὸν
494 3707 636 3797 ὕστερον
666 3707 819 3791 αῦτόςο
800 3706 993 3798 όΠέτρος,
1024 3722 1195 3831 μαρτυρίαι
1228 3721 1452 3801 τελειωθείς),
1485 3711 1574 3787 ἀλλὰ
1605 3724 1665 3789 καὶ
1686 3729 1719 3782 13

342 3818 539 3901 ἐπιζητῆσαι
563 3815 642 3880 δέον
664 3814 719 3878 ἐπι
741 3819 853 3892 ποίοις
875 3817 935 3928 μὲν
957 3808 1064 3881 αῦτόν
1078 3810 1286 3900 ἐμακάρισεν,
1309 3817 1364 3884 έπι
1379 3822 1495 3895 ποίοις
1511 3821 1549 3886 δὲ
1564 3812 1664 3905 αῦτῷ

342 3918 542 3998 ἐπέπληξεν
586 3903 605 3976 6
628 3913 663 3977 δὲ
686 3913 802 3995 μηδενὶ
825 3909 962 3979 τούτων
989 3912 1228 3998 προσεσχηκώς
1258 3908 1354 3981 ταῦτ’
1387 3918 1545 4001 εἰρῆσθαι
1575 3915 1667 4005 πρὸς

429 4083 443 4135 1
474 4077 573 4132 Matth.
594 4078 633 4142 16,
652 4076 740 4129 23-
764 4077 854 4131 6Εκ.
875 4081 914 4141 14,
933 4081 964 4133 31
983 4096 1108 4132 σεπ-
1135 4078 1183 4133 Ex.
1212 4085 1235 4148 7,
1263 4084 1339 4133 1-
1366 4082 1385 4137 8
1413 4081 1497 4136 Deut.
1515 4084 1559 4152 31,
1577 4086 1613 4140 23
1631 4117 1668 4126 -

344 4183 379 4237 17
401 4180 482 4236 Zach.
500 4182 524 4243 3,
544 4183 557 4233 1
582 4208 614 4216 -
641 4176 818 4231 2411111111.
839 4180 878 4242 16,
896 4180 929 4233 23
947 4208 981 4217 -
999 4179 1035 4234 27
1056 4178 1155 4233 Matth.
1175 4183 1215 4248 16,
1234 4184 1265 4235 17
1284 4211 1317 4220 -
1335 4181 1498 4240 2816111.
1518 4186 1559 4251 16,
1578 4187 1614 4242 23
1633 4218 1668 4227 -

342 4283 383 4338 60
402 4279 501 4335 Matth.
522 4282 560 4338 16,
579 4279 612 4332 24

428 4431 446 4485 5
466 4424 546 4484 οὕτω
565 4429 604 4482 Re
622 4420 697 4482 οὕτω
717 4429 796 4494 vts
815 4428 924 4496 νομίζει
936 4428 968 4493 V,
987 4445 1094 4483 comm
1113 4431 1118 4498 1
1138 4433 1156 4486 θ
1175 4430 1312 4499 θαύματα
1322 4433 1355 4499 V,
1374 4450 1445 4489 corr.
1461 4436 1498 4490 Kl
1517 4437 1576 4507 vgl.
1591 4439 1619 4495 Z.
1635 4442 1669 4496 19

345 4582 347 4599 ,
370 4531 430 4587 111
445 4537 484 4601 τῷ
504 4570 510 4583 .
529 4571 535 4582 .
555 4570 561 4582 .
579 4527 713 4596 μέλλοντι
730 4529 783 4595 (οδ.
801 4528 923 4596 μέλλειν)
940 4529 980 4582 Re
997 4526 1029 4583 τδ
1049 4570 1054 4583 .
1074 4570 1080 4582 .
1099 4571 1105 4583 .
1123 4529 1272 4598 μέλλων
1297 4537 1301 4599 Ι
1328 4536 1366 4590 19
1385 4532 1448 4601 υἱὸς
1464 4535 1531 4608 μίν]
1548 4538 1613 4595 hier
1630 4540 1669 4595 Kl

344 4635 399 4707 vgl,
418 4649 490 4685 mu.
509 4631 535 4684 Z.
556 4634 588 4685 18
615 4632 619 4697 Ι
648 4631 686 4685 29
704 4630 754 4683 καί
771 4632 816 4683 etr.
838 4629 874 4681 V*
