3698 5510
604 471 638 526 de
655 471 841 527 ecclesiastiea
856 471 1000 541 theologia
1016 470 1042 523 11
1059 468 1100 522 20.
1449 475 1507 535 129

196 632 420 722 έξισχῦσωμεν
441 640 694 719 καταλαβέσθαι
724 634 785 706 σῦν
811 640 915 706 πᾶσιν
938 652 1011 715 τοῖς
1031 627 1138 721 άγίοις
1168 638 1203 701 τί
1233 630 1274 703 τὸ
1296 629 1430 712 πλάτος
1451 636 1506 701 καὶ

195 739 300 823 μήκος
322 741 378 804 καλ
398 730 508 822 βάθος
527 728 620 804 καί
604 730 706 820 ῦφος,
737 740 868 824 γνῶναί
888 760 927 803 τε
949 731 1013 821 τήν
1035 728 1313 819 ὑπερβάλλουσαν
1335 737 1397 818 τῆς
1418 729 1505 819 γναά

194 857 280 917 σεως
302 829 439 922 ἀγάπην
464 839 528 904 τοῦ
553 841 667 906 θεοῦι.
709 842 766 905 καὶ
786 830 891 914 αῦτός
916 827 993 904 δέ(
974 862 993 902 ο
1015 830 1132 921 σωτήρ
1158 827 1255 920 ήμῶν
1276 842 1420 902 πλεῖστα
1443 822 1505 900 ὅσα
1524 852 1553 902 11

193 930 359 1021 μυστήρια
379 939 540 1024 περὶτῆς
565 941 733 1020 βασιλείας
759 939 833 1004 τῶν
860 927 1019 1018 οὐρανῶν
1048 938 1124 1018 περί
1154 959 1191 1003 τε
1222 937 1283 1020 τής
1313 937 1505 1011 συντελείας

160 1037 258 1101 οτοῦ
280 1029 412 1114 παντὸς
433 1042 511 1122 περί
532 1062 570 1104 τε
592 1040 667 1104 τῶν
687 1038 899 1122 ἐπαγγελιῶν
919 1038 1006 1104 ποτὲ
1027 1037 1089 1118 μὲν
1111 1030 1166 1102 διὰ
1186 1036 1395 1120 παραβολῶν
1419 1036 1505 1102 ποτὲ

194 1137 229 1204 δὲ
250 1139 308 1202 καλ
330 1136 367 1203 έν
389 1128 597 1223 ἀπορρήτοις
611 1137 787 1220 έξέφαινεν
801 1150 876 1215 τοῖς
890 1128 997 1203 αῦτοῦ
1010 1141 1190 1220 μαθηταῖς,
1212 1129 1299 1219 πρὸς
1319 1127 1378 1213 οῦς
1392 1132 1506 1216 ἔλεγεν

198 1226 294 1320 ιῦμῖν
316 1236 454 1303 δέδοται
478 1238 608 1319 γνῶναι
630 1231 672 1302 τά
693 1229 859 1322 μυστήρια
881 1238 944 1304 τοῦ
965 1237 1079 1303 θεοῦι.
1123 1223 1175 1303 ὦν
1197 1227 1259 1303 οῦκ
1281 1228 1325 1301 ἀν
1346 1223 1439 1318 εὕροι
1454 1256 1505 1308 τις

194 1330 236 1400 τὰ
261 1335 317 1401 ἴσα
342 1329 436 1420 παρά
458 1328 622 1421 Μωσεῖή
650 1330 743 1419 παρὰ
771 1349 845 1413 τοῖς
868 1339 1001 1413 λοιποῖς
1021 1330 1227 1422 προφήταις.
1268 1338 1303 1401 τί
1325 1322 1403 1415 οῦν,·
1432 1334 1503 1401 ἐπεὶ
1522 1346 1554 1399 12

192 1428 236 1519 μή
259 1436 311 1519 τῷ
333 1424 506 1502 Ἰουδαίων
527 1438 599 1520 λαῷ
621 1427 799 1520 παρεδόθη
821 1437 940 1515 ταῦτα,
962 1437 1008 1515 είς
1030 1429 1355 1520 έπιτήδειονκαιρόν
1376 1439 1503 1516 φυλατ-

145 1545 177 1600 10
192 1526 321 1619 τόμενα
342 1537 385 1618 τῇ
407 1534 565 1621 ἐκκλησίᾳ
588 1536 748 1619 Χριστοῦ,
769 1530 861 1618 παρὰ
883 1537 989 1602 τοῦτο
1010 1537 1095 1621 χρήν
1109 1527 1194 1620 ήμῦις
1209 1530 1274 1619 τήν
1289 1536 1503 1618 δωρηθεῖσαν

193 1625 272 1718 ἡμῖν
300 1626 400 1717 χάριν
430 1627 570 1702 ἀθετεῖν
597 1626 619 1718 ή
644 1626 809 1719 μειζόνως
834 1627 1040 1720 εὐχαριστεῖν
1066 1637 1118 1717 τῷ
1145 1637 1207 1720 τῆς
1229 1627 1398 1718 τοσαύτης
1419 1624 1504 1717 ἡμᾶς

191 1729 443 1815 καταξιώσαντι
469 1729 643 1818 γνάσεωςς
672 1729 760 1801 κατὰ
790 1729 855 1801 τὸν
885 1727 991 1805 αῦτὸν
1018 1723 1080 1801 οῦν
1107 1726 1241 1818 τρόπον
1266 1737 1322 1800 καὶ
1344 1729 1407 1812 τὰς
1426 1737 1502 1815 περὶ

192 1834 255 1899 τοῦ
276 1829 352 1898 υλοῦ
377 1833 591 1912 διδασκαλίας
621 1834 658 1900 ἐκ
689 1835 751 1919 τῆς
780 1826 888 1901 αῦτοῦ
916 1835 1036 1919 καινῆς
1066 1826 1232 1919 διαθήκης
1261 1826 1429 1918 προσήκοι
1460 1827 1503 1900 ἀν

192 1922 461 2016 ἀπολαμβάνειν,
492 1925 593 2000 οῦδὲν
556 1935 849 2017 ὲνξενιζομένους
871 1934 899 1999 εί
920 1928 966 2048 μή
988 1937 1039 2019 τῷ
1062 1936 1317 2018 σκληροκαρδίφ
1340 1935 1413 2019 λαῷ
1436 1928 1502 2018 τήν

143 2045 175 2099 15
191 2035 268 2116 περὶ
291 2024 398 2099 αὐτοῦ
419 2034 546 2115 γνῶσιν
568 2024 807 2100 ἀνεκάλυπτον
834 2031 866 2099 ολ
895 2035 958 2099 τοῦ
984 2036 1070 2101 θεοῦ
1091 2027 1291 2119 ἄνθρωποι,
1314 2034 1361 2112 είς
1381 2027 1501 2116 καιρόν

192 2120 352 2216 εῦκαιρον
374 2124 439 2197 τόν
464 2133 540 2215 περὶ
562 2124 670 2198 αὐτοῦ
691 2123 928 2218 ταμιευόμενοι
950 2125 1065 2215 λόγον.
1108 2124 1149 2199 οῦ
1171 2127 1233 2217 γάρ
1256 2124 1365 2200 ἐδόκει
1387 2125 1500 2217 ἐπιτή-
1519 2136 1550 2190 13

192 2234 285 2300 δειον
307 2224 450 2298 εἶναι
414 2255 455 2297 το
476 2233 663 2316 τηνικαῦτα
684 2224 951 2318 ῦποσυρομένοις
972 2224 1134 2315 ἀνδράσιν
1159 2232 1215 2298 έπί
1237 2227 1303 2317 τήν
1324 2225 1502 2300 πολῦθεον

191 2323 327 2417 πλάνην
357 2324 582 2414 παραδιδόναι
613 2325 654 2398 τό
683 2333 759 2415 περί
784 2326 916 2415 πατρὸς
936 2334 993 2397 καὶ
1014 2331 1090 2398 υίοῦ
1112 2326 1312 2416 μυστήριον,
1343 2328 1394 2409 οίς
1424 2324 1500 2399 οῦδὲ

192 2424 274 2509 τοῦς
295 2433 372 2514 περὶ
394 2433 467 2497 τῶν
487 2423 745 2517 ῦποβεβηκυιῶν
771 2423 952 2516 δυνάμεων
972 2424 1203 2512 έξεκάλυπτον
1225 2425 1360 2517 λόγους,
1388 2423 1436 2509 τάς
1459 2424 1501 2498 ἀν

141 2540 175 2595 20
191 2525 236 2615 μή
258 2523 430 2613 προφάσει
452 2525 561 2614 ταύτῃ
586 2530 641 2597 ἐπὶ
668 2526 733 2616 τήν
752 2522 952 2616 Ἑλληνικήν
976 2532 1203 2598 καταπέσοιεν
1229 2533 1436 2609 πολυθεΐαν
1468 2532 1503 2597 οἳ

190 2631 324 2713 πατέρα
348 2622 515 2746 »ἀνδρῶν
525 2655 563 2698 τε
584 2635 681 2699 θεῶν
708 2655 762 2698 τε(
796 2626 860 2698 τὸν
890 2622 969 2713 παρ’
997 2623 1113 2708 αὐτοῖς
1142 2621 1380 2697 ἀνεπλάσαντο
1407 2624 1501 2698 θεόν.

191 2721 310 2812 διόπερ
332 2730 394 2813 τῆς
416 2724 578 2815 τοιαύτης
604 2722 728 2809 αῦτούς
755 2721 976 2797 ἀναστέλλων
1003 2722 1135 2815 πλάνης
1165 2720 1184 2797 6
1215 2722 1317 2812 λόγος
1347 2724 1413 2797 τόν
1444 2726 1501 2797 ἕνα
1520 2736 1552 2787 14

191 2824 276 2896 θεὸν
298 2821 497 2913 ἐκήρυττεν,
528 2822 570 2896 οῦ
599 2827 667 2917 μήν
693 2831 824 2913 πατέρα
849 2824 998 2896 εἶναι
962 2853 1026 2896 τον
1047 2821 1154 2896 αὐτὸν
1176 2822 1325 2915 ήρνεῖτο·
1360 2832 1415 2896 καὶ
1438 2825 1502 2897 τὸν

191 2920 306 3014 ἀληθῆ
329 2931 364 2996 δε
386 2931 496 3010 σέβειν
516 2929 687 2998 ἐδίδασκεν
708 2933 765 2996 καί
790 2924 882 3015 πλὴν
909 2921 1016 2996 αῦτοῦ
1041 2930 1169 3014 μηδένα
1196 2931 1320 2998 εἰδέναι
1350 2924 1501 3015 παρήνει,

140 3040 173 3094 25
191 3019 233 3095 οῦ
253 3022 320 3112 μήν
348 3019 484 3114 ήρνεῖτο
511 3025 597 3096 εῖναι
627 3022 735 3097 αὐτὸν
763 3031 902 3114 πατέρα.
935 3030 940 3112 Ι
973 3027 1002 3095 εί
1032 3029 1069 3095 δὲ
1098 3032 1153 3097 καί
1183 3026 1303 3115 κύριον
1331 3034 1387 3098 καί
1417 3025 1503 3098 θεὸν
1522 3035 1578 3092 181

191 3120 297 3196 αὐτόν
318 3131 374 3194 καί
398 3128 531 3196 δίκαιον
551 3132 609 3196 καί
631 3131 770 3215 σωτῆρα
793 3122 962 3208 ἀπεκάλει,
985 3120 1059 3195 ἀλλ’
1083 3122 1145 3196 οῦκ
1168 3121 1343 3197 ἀπέκλειεν
1365 3133 1427 3196 τοῦ
1446 3133 1501 3197 καὶ

190 3229 323 3311 πατέρα
345 3221 495 3294 εἶναι’
453 3222 560 3295 αυτὸν
587 3222 740 3314 ήγεῖσθαι
770 3230 833 3295 τοῦ
863 3230 1070 3314 μονογενοῦς
1101 3221 1208 3296 αῦτοῦ
1237 3233 1293 3297 καί
1323 3222 1502 3314 ἀγαπητοῦ

189 3326 272 3393 υίοῦ.
314 3319 375 3394 εἴτ
402 3315 466 3393 οῦν
487 3318 506 3393 6
528 3325 642 3414 πατὴρ
665 3331 757 3414 λέγοι
779 3317 888 3395 είθΗ
868 3323 982 3407 ουιὸς
1003 3320 1045 3394 τό
1070 3325 1154 3412 »ἐγώ
1178 3320 1283 3413 εἰμι(
1265 3355 1283 3396 ο
1307 3354 1391 3407 mv«,
1423 3321 1500 3415 ἀλη-
1519 3340 1551 3392 15

191 3419 330 3493 θεύοι
311 3451 354 3492 αν
376 3420 586 3510 ἑκατέρως“
567 3453 586 3495 ο
610 3420 720 3512 λόγος.
764 3417 843 3494 ὅτε
865 3422 929 3512 γάρ
949 3422 1063 3513 πατήρ
1089 3419 1126 3494 »6
1150 3417 1219 3494 οῦν(
1245 3428 1294 3514 είη
1317 3424 1375 3508 ἀν,
1397 3422 1503 3511 μόνος

138 3518 294 3605 3οαῦτὸς
314 3550 367 3593 ων
392 3526 465 3593 »ἐπὶ
491 3520 650 3607 πάντων,
674 3531 730 3594 καί
757 3522 811 3594 διὰ
837 3521 997 3607 πάντων,
1020 3551 1076 3594 και
1097 3528 1136 3594 έν
1156 3529 1260 3594 πᾶσιν
1282 3523 1405 3645 θεδςιί
1411 3554 1501 3606 ωςο

190 3632 285 3703 θεῖος
307 3624 457 3708 ἐδίδαξεν
479 3618 682 3705 ἀπόστολος.
726 3618 745 3693 6
768 3652 805 3693 τε
827 3622 899 3704 υίὸς
921 3652 977 3693 και
999 3620 1103 3706 αῦτὸς
1124 3631 1343 3711 χρηματίζων
1368 3619 1405 3694 »6
1429 3653 1497 3694 ων(

191 3826 254 3892 τοῦ
276 3778 428 3908 ἀοράτοῦ
447 3819 574 3892 θεοῦ
553 3819 717 3909 υπάρχων
739 3821 828 3892 κατά
850 3828 956 3895 τοῦτο
979 3827 1030 3913 είη
1053 3820 1096 3893 ἀν
1118 3819 1224 3894 αὐτοῦ
1246 3822 1356 3908 εἰκών,
1379 3819 1458 3895 καθ’
1482 3818 1501 3893 6

189 3918 294 4008 μόνος
315 3911 359 4007 ήν
381 3915 485 4002 αῦτὸς
510 3915 547 3991 »6
570 3944 654 3991 ωνι
691 3919 743 3993 διὸ
769 3928 825 3992 καί
851 3918 955 4004 αὐτὸς
977 3919 1213 4012 χρηματίζοι
1194 3949 1237 3992 αν
1261 3918 1298 3993 »6
1322 3920 1407 4007 66«,
1430 3927 1500 3994 έπελ

275 4090 290 4144 7
312 4089 412 4145 matth
431 4093 471 4155 13,
491 4093 522 4144 11
541 4091 653 4145 Pan-
676 4091 713 4146 ‘21
734 4092 837 4146 Homer
854 4094 878 4146 A
897 4094 991 4147 54411.
1010 4098 1088 4146 6—
1111 4092 1210 4149 2511.
1229 4093 1259 4147 Β.
1278 4093 1332 4147 Jes.
1349 4096 1391 4159 45,
1411 4094 1499 4148 1691

189 4189 1501 4263 -281115114-29131,3,14-οο11ρ1.4,6-31Ειε,14-311Κο1.1,1ο

189 4321 222 4330 -
240 4291 348 4347 8461.
368 4292 392 4362 3,
412 4294 444 4346 14

279 4442 405 4510 θθεοῦ]
425 4444 551 4513 Χριστοῦ
569 4443 617 4497 ΝΤ
648 4446 652 4513 Ι
687 4445 873 4517 λμυστὴρια]
895 4452 927 4509 -Ι-
945 4450 994 4511 τῆς
1011 4445 1174 4515 βασιλείαςθ
1207 4446 1212 4511 Ι
1245 4446 1283 4501 12
1310 4441 1453 4515 γνώσεως]
1472 4454 1503 4509 ÷

199 4544 259 4613 θεῷ
286 4543 339 4609 (od.
358 4543 483 4617 Χριστῷ)
505 4544 552 4600 Μο
584 4545 589 4612 Ι
622 4546 661 4600 14
687 4542 900 4620 ἀπολαμβάνειν
922 4544 975 4599 We
1015 4548 1019 4613 Ι
1061 4546 1099 4601 19
1125 4541 1390 4618 διιοβεβηκότωνθ
1427 4552 1431 4612 Ι
1465 4547 1504 4606 28

191 4644 272 4714 λέγοι
295 4645 330 4699 Κ]
348 4643 439 4715 λέγων
457 4645 482 4699 V
500 4642 557 4715 (εἴη
576 4644 604 4715 6>
626 4646 737 4718 λέγων’.)
754 4649 807 4703 We
838 4650 844 4716 Ι
876 4648 914 4703 38
932 4644 1004 4701 κατὰ
1024 4646 1059 4700 Κ1
1077 4649 1125 4701 καί
1143 4647 1167 4699 V

256 4732 376 4777 Eusebius
390 4731 430 4775 lv.
1268 4734 1284 4787 9
