3698 5510
607 492 640 547 de
658 491 843 550 ecelesiastica
858 491 1001 562 theologia
1017 491 1056 543 111
1073 491 1098 545 3.
1395 571 1398 577 Ι
1449 500 1507 562 149

200 655 240 728 τὸ
263 651 483 745 περιβόλαιον
505 650 640 728 αύτούι.
682 661 791 727 ταῦτα
812 664 868 726 καί
899 655 942 728 τά
969 653 1104 737 τούτοις
1131 651 1262 740 άδελφά
1289 661 1506 743 διηκρίβωσεν
1524 662 1559 716 19

199 756 250 841 ἄν,
273 760 377 838 εἴτις
398 747 442 845 ῆν
464 751 559 846 αύτῷ
583 762 726 846 φροντίς
747 761 810 845 τῆς
831 753 970 827 τούτων
991 752 1226 844 καταλήψεως.
1269 760 1332 826 νύν
1363 759 1399 825 δὲ
1425 781 1506 840 προ·

197 864 317 945 χείρως
339 849 452 938 ούτως
473 863 529 927 καὶ
552 861 798 945 διαλελυμένως
818 853 880 938 τὰς
908 862 981 926 τῶν
1012 850 1120 943 άγίων
1149 858 1288 943 καρδίας
1318 853 1380 938 τὰς
1409 851 1507 939 άβύσ-

197 975 276 1037 σους
306 956 393 1026 εἶναι
423 951 701 1045 ἀποφηνάμενος,
733 950 805 1026 οὐδ’
834 948 948 1037 ούτως
978 959 1122 1042 συνῆκεν
1143 951 1191 1036 ῶς
1213 952 1282 1043 πρὸ
1305 960 1379 1024 τῶν
1400 949 1507 1041 άγίων

162 1062 251 1125 ὁκαὶ
272 1063 454 1143 θεοφιλῶν
480 1052 619 1144 άνδρῶν
646 1063 719 1126 τῶν
745 1059 780 1142 ἐξ
810 1061 937 1136 αίῶνος
967 1059 1162 1143 γενομένων
1193 1052 1316 1125 ἑαυτὸν
1345 1049 1508 1141 ύπάρχειν

197 1160 347 1241 ἐδίδαξεν
369 1150 389 1226 ό
411 1155 519 1226 είπῶν
547 1153 632 1245 »πρὸ
655 1160 719 1227 τού
740 1154 802 1238 τὰς
824 1148 987 1240 ἀβύσσους
1012 1159 1182 1243 ποιῆσαιι·
1214 1150 1262 1235 ῶς
1287 1151 1508 1242 πανταχόθεν

196 1254 241 1344 μῆ
278 1253 445 1327 δύνασθαι
475 1263 518 1344 τῆ
548 1264 646 1344 σαρκὶ
680 1260 744 1327 τοῦ
777 1260 933 1343 σωτῆρος
962 1250 1165 1344 ἐφαρμόζειν
1194 1252 1255 1336 τὰς
1284 1257 1507 1341 προκειμένας

197 1361 310 1440 λέξεις.
353 1348 372 1425 ό
395 1359 431 1425 δὲ
452 1350 505 1441 ἐφ’
528 1355 649 1443 ἑτέραν
673 1353 818 1443 μεταβὰς
842 1354 940 1443 ῥῆσιν
964 1358 1025 1442 τῆς
1047 1350 1153 1442 αύτῆς
1173 1358 1319 1443 γραφῆς,
1349 1361 1406 1423 καὶ
1427 1350 1506 1423 ταύ-
1522 1354 1558 1411 20

197 1482 261 1543 την
283 1449 397 1535 οὕτως
418 1453 591 1543 ίρμηνεύει
613 1461 724 1544 λέγων

147 1566 179 1621 10
258 1556 327 1640 (Nr.
350 1560 402 1640 λθ)
430 1562 464 1624 τί
490 1559 608 1626 τοίνυν
633 1555 726 1626 ἔστιν
752 1559 808 1624 καί
834 1562 932 1625 τουτὶ
954 1550 995 1623 τό
1017 1548 1206 1638 κεφάλαιον
1229 1549 1315 1640 »πρὸ
1337 1557 1401 1623 τοῦ
1421 1580 1506 1641 προ-

259 1662 375 1724 ελθεῖν
404 1651 465 1735 τὰς
491 1654 601 1743 πηγάς
623 1662 696 1726 τῶν
725 1650 899 1737 ύδάτωνις
928 1652 1008 1735 τούς
1038 1653 1149 1740 ἱερούς
1179 1647 1392 1733 ἀποστόλους
1422 1652 1506 1721 είναί

259 1774 371 1839 φησιν.
414 1758 520 1824 τοῦτο
551 1759 587 1824 δὲ
613 1749 693 1843 ῆμῖν
713 1751 755 1824 τό
776 1750 961 1842 μυστήριον
991 1757 1195 1841 παρίστησιν
1226 1748 1246 1841 ῆ
1277 1758 1339 1841 τῆς
1368 1746 1504 1838 Έξόδου

258 1853 372 1941 γραφὴ
394 1851 475 1934 τούς
496 1860 571 1924 τῶν
600 1849 809 1926 ἀποστόλων
835 1852 962 1936 τόπους
987 1849 1094 1924 πάλαι
1119 1849 1409 1940 προαγορεύουοα,
1441 1850 1505 1922 δῶ·
1522 1853 1555 1906 21

258 1957 339 2022 δέκα
368 1950 432 2040 γὰρ
463 1944 580 2025 όντων
609 1951 673 2024 τὸν
704 1950 853 2044 άριθμόν
882 1960 956 2024 τῶν
986 1947 1193 2025 ἀποστόλων
1223 1950 1355 2023 δῶδεκα
1384 1958 1505 2040 πηγῶν

144 2062 177 2115 15
257 2055 433 2139 μέμνηται.

195 2153 251 2217 καί
273 2155 382 2220 ταῦτα
405 2155 517 2240 λέγων
539 2147 581 2223 ού
601 2158 756 2241 συνίησιν
778 2150 826 2236 ῶς
847 2160 903 2224 καί
925 2158 988 2223 τού
1002 2147 1129 2241 Ἰσραὴλ
1145 2151 1277 2223 δῶδεκα
1298 2143 1384 2241 ῆσαν
1403 2157 1507 2237 φυλαί

195 2255 251 2318 καί
274 2250 408 2321 δῶδεκο
429 2254 462 2321 ολ
485 2249 622 2323 τούτων
642 2248 848 2340 πατριάρχαι
867 2259 926 2340 μία
948 2280 985 2321 τε
1008 2258 1122 2335 βίβλος
1145 2247 1166 2340 ῆ
1189 2258 1262 2322 τῶν
1277 2250 1409 2322 δῶδεκα
1424 2278 1506 2339 προ·

196 2353 332 2434 φητῶν,
365 2344 454 2422 ἄλλά
475 2357 531 2421 καὶ
553 2353 684 2423 δῶδεκα
707 2356 768 2440 τῆς
791 2347 914 2440 ἡμέρας
945 2343 1032 2439 ῶραι
1061 2356 1117 2421 καί
1147 2356 1250 2439 μῆνες
1280 2356 1344 2422 τοῦ
1374 2348 1506 2431 παντὸς

196 2450 295 2529 ἔτους
317 2446 456 2520 δῶδεκα.
499 2457 533 2521 τί
554 2442 616 2521 ούν
637 2457 770 2541 μάλλον
796 2469 869 2533 τοῖς
894 2446 1102 2533 ἀποστόλοις
1127 2445 1149 2538 ἢ
1175 2455 1317 2531 ἐκείνοις
1338 2443 1463 2521 όπασιν
1486 2443 1559 2519 622

143 2562 179 2617 20
196 2551 270 2616 τῶν
300 2546 432 2619 δῶδεκα
463 2554 614 2636 διέφερεν
645 2546 803 2638 ἀριθμός,
833 2554 862 2619 εί
892 2550 932 2639 δῆ
963 2556 1158 2621 τοῦποσοῦ
1188 2578 1240 2632 τις
1270 2544 1414 2638 άριθμδς
1440 2547 1506 2638 τῆν

195 2650 308 2716 αἰτίαν
338 2642 432 2737 αύτῷ
465 2655 526 2737 τῆς
557 2655 687 2720 τοιοσδὶ
718 2656 781 2721 τοῦ
812 2645 915 2736 λόγου
944 2667 1101 2738 παρεῖχεν
1132 2650 1321 2738 ἑρμηνείας
1355 2653 1439 2737 χρῆν
1470 2653 1506 2719 δὲ

196 2751 342 2817 συνιδεῖν
363 2743 411 2830 ῶς
433 2754 488 2817 καί
511 2752 543 2820 οἱ
565 2754 629 2819 τοῦ
650 2755 735 2820 θεοῦ
765 2755 955 2840 προφῆται,
987 2748 1065 2818 καθ’
1090 2741 1109 2819 ό
1132 2753 1196 2819 τοῦ
1217 2744 1324 2819 αύτοῦ
1345 2753 1506 2837 μετέσχον

195 2843 390 2934 πνεύματος
412 2841 517 2935 άγίου,
541 2843 602 2919 ούκ
624 2840 710 2937 ῆσαν
731 2843 906 2937 άλλότριοι
927 2854 1001 2919 τῶν
1015 2856 1147 2938 πηγῶν.
1183 2846 1235 2919 διὸ
1258 2855 1415 2920 λέλεκται
1429 2856 1507 2935 περὶ

195 2940 313 3016 αύτῶν
342 2950 380 3017 ἐν
417 2954 564 3037 Ψαλμοῖς
598 2951 652 3019 »ἐν
683 2952 871 3037 ἐκκλησίαις
901 2943 1069 3037 εύλογεῖτε
1101 2945 1164 3019 τὸν
1194 2946 1279 3019 θεὸν
1313 2945 1432 3036 κύριον
1468 2951 1506 3018 ἐκ

144 3058 177 3112 25
195 3051 317 3134 πηγῶν
337 3040 493 3136 Ἰσραῆλι.
536 3043 626 3119 ὥστε
647 3053 703 3119 καί
723 3045 790 3135 πρὸ
812 3051 954 3118 ἐκείνων
977 3055 1051 3119 τῶν
1076 3056 1199 3137 πηγῶν
1220 3044 1406 3138 ἀναγκαῖον
1426 3042 1504 3137 όμο-
1521 3053 1556 3107 23

195 3151 308 3232 λογεῖν
329 3143 394 3216 τὸν
415 3144 490 3216 υίδν
511 3147 598 3218 είναι
621 3153 682 3218 τού
703 3154 789 3220 θεοῦ
811 3145 874 3218 τὸν
896 3153 1040 3235 λέγοντα
1065 3146 1148 3236 »πρὸ
1164 3153 1228 3217 τοῦ
1241 3158 1428 3238 προελθεῖν
1443 3146 1505 3230 τὰς

194 3242 304 3333 πηγάς
326 3251 401 3316 τῶν
422 3240 591 3317 ύδότωνι.
634 3241 653 3317 ό
675 3252 711 3317 δὲ
733 3244 924 3318 ἐπάκουσον
946 3241 1043 3327 ὅπως
1064 3245 1246 3337 ἓρμηνεύει,
1269 3253 1381 3336 λέγων

257 3347 325 3426 (Nr.
347 3351 400 3431 20)
428 3340 571 3428 εἰκότως
596 3338 660 3417 ούν
685 3352 762 3435 περὶ
784 3352 846 3436 τῆς
866 3344 954 3416 κατὰ
976 3342 1082 3432 σάρκα
1103 3352 1264 3432 γενέσεως
1289 3343 1308 3419 ό
1340 3344 1506 3437 δεσπότης

258 3442 313 3513 διά
335 3448 398 3514 τοῦ
423 3441 608 3533 προφήτου
637 3453 848 3532 Σολομῶνος
879 3451 989 3535 λέγων
1021 3444 1107 3535 »πρὸ
1138 3451 1201 3517 τού
1231 3456 1415 3533 προελθεῖν
1444 3446 1506 3529 τὰς

143 3553 178 3607 30
256 3540 367 3631 πηγὰς
389 3549 463 3614 τῶν
483 3538 639 3615 ύδάτωνι
665 3546 739 3634 ἔφη.

193 3648 250 3711 καλ
271 3644 424 3730 ἐπιφέρει
1522 3652 1556 3705 24

256 3745 326 3826 (Nr.
347 3747 402 3830 20)
426 3735 519 3813 ούτω
543 3741 606 3832 γάρ
628 3738 649 3815 ό
670 3742 784 3831 σωτῆρ
806 3741 893 3832 πρὸς
923 3742 985 3826 τὰς
1005 3743 1097 3831 ἱερὰς
1126 3743 1237 3833 πηγάς
1265 3746 1330 3834 ἔφη
1365 3775 1503 3836 »πορευ-

257 3847 380 3923 θέντες
400 3841 637 3931 μαθητεύσατε
658 3839 775 3914 πάντα
796 3848 839 3914 τὰ
862 3847 978 3933 ἔθνηι.

194 3938 264 4011 εἶθ’
287 3936 402 4025 ῶσπερ
424 3942 624 4029 συναγαγῶν
647 3939 847 4030 τὸνλόγον,
871 3942 912 4014 τὸ
927 3948 1152 4032 ισυμπέρασμα
1178 3940 1293 4032 ἐπάγει
1316 3951 1359 4033 τῆ
1382 3946 1505 4017 ἑαυτοῦ

144 4049 177 4103 35
194 4035 342 4128 διηγῆσει
363 4045 473 4128 λέγων
512 4046 517 4127 Ι
1525 4052 1586 4109 180

256 4142 326 4225 (Nr.
356 4146 409 4228 21)
438 4136 659 4228 πανταχόθεν
690 4138 797 4229 δῆλόν
826 4144 918 4213 ἐστιν
949 4141 1029 4224 τούς
1059 4140 1168 4228 ἱερούς
1205 4137 1418 4226 άποστόλους
1448 4151 1505 4213 καὶ

256 4237 367 4328 πηγάς
390 4246 564 4326 τροπικῶς
586 4237 787 4329 ῶνομάσθαι
808 4236 876 4313 ύπὸ
898 4248 963 4313 τοῦ
983 4238 1177 4330 προφῆτου.

279 4407 372 4479 θερί.
390 4408 437 4462 Nr.
456 4410 489 4464 19
506 4438 539 4450 -
558 4410 577 4467 8
595 4409 675 4465 Prov.
693 4412 717 4478 8,
735 4412 769 4466 24
786 4440 828 4491 1-
856 4411 896 4468 10
913 4412 994 4467 Prov.
1012 4412 1036 4479 8,
1055 4411 1089 4465 24
1114 4439 1148 4449 -
1178 4410 1214 4466 14
1234 4409 1446 4479 Ex.15‚27-
1468 4412 1506 4468 24

194 4508 238 4563 Ρε.
256 4510 297 4576 87,
315 4511 348 4564 27
366 4539 400 4549 -
418 4509 457 4566 2ss
474 4509 555 4566 Prov.
573 4511 598 4580 8,
615 4511 649 4564 ‘24
665 4540 699 4550 -
717 4512 756 4567 82
776 4512 876 4568 Matth.
894 4514 936 4577 28,
954 4514 987 4567 19

280 4659 321 4715 20
338 4665 399 4725 τοῖς
416 4655 543 4733 ἀριθμὸν
561 4661 609 4730 V*,
628 4678 696 4717 corr.
715 4662 753 4715 V²
784 4664 788 4730 Ι
821 4663 860 4719 29
878 4661 1012 4733 λέγοντος
1030 4662 1092 4718 and.
1111 4664 1150 4719 St.
1168 4664 1187 4719 1.
1204 4661 1295 4735 λέγων
1312 4662 1366 4720 td?
