3674 5506
308 456 366 519 166
896 446 1028 503 Eusebius

388 605 469 683 10‘
450 615 532 703 ορᾷς
554 605 675 693 ὁποίας
696 617 864 700 προέσθαι
886 607 1003 697 φωνὰς
1023 614 1080 682 88*
1107 606 1195 681 κατὰ
1225 615 1288 699 τῆς
1314 607 1438 698 σαρκὸς
1464 614 1527 680 τοῦ
1549 632 1615 728 σω·
1649 624 1783 682 ὁποῖα
1758 646 1786 681 αι

305 716 409 800 τῆρος
431 706 531 800 ἡμῶν
552 706 770 799 τετόλμηκεν,
793 706 854 781 οῦκ
875 706 1108 799 ἐπιστήσας
1080 738 1128 791 ως
1149 714 1204 779 καί
1220 706 1287 796 πρὸ
1304 713 1366 798 τῆς
1380 713 1427 791 είς
1450 704 1615 796 ούρανοῦς
1633 698 1714 816 θεῖαί
1723 714 1801 817 ff?

305 805 546 930 άναλήφεως”
530 837 580 879 ετι
602 801 708 880 οὖσαν
730 805 837 898 αύτῆν
858 812 976 879 ἐπὶ
935 838 995 899 γης
1015 807 1082 897 πρὸ
1105 836 1168 879 του
1152 805 1317 890 πάθους
1332 801 1444 890 οῦτως
1458 802 1616 894 ἐδόξασεν
1633 782 1693 897 vg?
1702 781 1802 901 ααρεέῖς
1832 788 1833 819 ’

304 912 416 1000 ἐντῷ
439 902 518 996 όρει,
542 915 651 996 τρισὶν
673 925 747 990 τοῖς
769 912 937 995 ἐκκρίτοις
959 904 1065 979 αύτοῦ
1090 916 1259 998 μαθηταῖς
1280 905 1399 996 μόνοις
1421 903 1537 978 είκονα
1551 914 1615 979 δει
1632 905 1689 953 τοῦ
1719 905 1801 981 σωῖῖΙ

270 1008 386 1092 υκνῦς
408 1014 469 1097 τῆς
490 1014 657 1092 βασιλείας
680 1004 802 1092 αύτοῦ,
835 1003 883 1091 οῦς
904 1005 1111 1095 ἐξαστράφαι
1133 1005 1174 1078 τό
1196 1003 1385 1094 πρόσωπον
1411 1002 1533 1091 ούτοῦ,
1559 1014 1615 1078 καὶ
1643 965 1785 1093 ’ἕξοῆῆῖ

305 1106 422 1195 φωτὸς
444 1107 660 1231 μαρμαρυγὰς
682 1104 849 1196 ἐκλάμψαι
872 1114 900 1193 (ε
888 1110 1058 1195 »ἐγένετοτ
1084 1104 1146 1196 γάρ
1162 1130 1267 1195 φησιν
1288 1102 1402 1195 ῆθεία
1418 1105 1529 1196 γραφῆ
1555 1135 1615 1177 »το
1633 1118 1650 1172 2
1694 1115 1777 1173 καί
1766 1139 1802 1183 ας

303 1203 494 1295 πρόσωπον
509 1204 616 1280 αύτοῦ
630 1203 713 1290 ωςῦ
736 1203 841 1297 ῆλιος,
863 1213 919 1277 καὶ
934 1237 978 1278 τα
964 1204 1107 1297 ἱμάτια
1129 1203 1235 1277 αύτοῦ
1256 1204 1360 1279 λευκὰ
1376 1201 1425 1288 οῦς
1440 1203 1480 1277 τὸ
1497 1213 1615 1293 φῶςι)
1632 1201 1673 1258 τὰ
1691 1197 1800 1258 ἕΙαΙΙΙΙ

304 1303 377 1379 άλλ
408 1303 486 1379 ούδὲ
517 1315 625 1391 συνείς
656 1302 780 1378 ὁποῖον
811 1313 906 1393 σῶμα
947 1302 1045 1396 δόξης
1068 1300 1266 1394 Χριστοῦ
1247 1336 1267 1378 σ
1298 1317 1392 1388 θεῖος
1422 1301 1617 1388 ἀπόστολος
1607 1265 1801 1409 {zm
1766 1290 1802 1336 ⁰

304 1410 417 1496 ἔλεγεν
438 1404 546 1478 καί’
517 1438 565 1490 ως
586 1417 642 1479 καὶ
666 1406 709 1478 τά
731 1403 874 1496 ῆμέτερα
896 1405 1038 1496 σώματα
1059 1405 1239 1496 σύμμορφα
1264 1410 1400 1477 ἔσεσθαι
1421 1410 1541 1495 ἐκείνῳ
1564 1411 1615 1495 τῷ

255 1525 288 1578 10
305 1505 437 1595 σώματι
461 1510 635 1578 ἐδίδασκεν
662 1513 774 1596 λέγων
806 1499 862 1589 »ῦς
883 1514 1161 1596 μετασχηματίσει
1183 1505 1224 1577 τὸ
1247 1512 1357 1628 σῶμα.
1365 1510 1427 1595 τῆς
1448 1505 1616 1577 ταπεινοί·

305 1630 390 1689 σεως
421 1602 518 1696 ἡμῶν
548 1605 747 1696 σύμμορφον
778 1612 830 1694 τῷ
861 1607 992 1691 σώματι
1024 1610 1086 1694 τῆς
1116 1605 1217 1694 δόξης
1251 1601 1391 1689 αύτοῦι,
1432 1601 1506 1677 ἄλλ’
1538 1601 1618 1677 ούδὲ

305 1702 430 1794 νοήσας
457 1713 525 1778 τίνι
547 1703 668 1795 τρόπω
691 1701 995 1794 καταποθήσεσθαι
1017 1703 1058 1776 τὸ
1081 1705 1216 1794 θνητὸν
1236 1702 1304 1777 ύπό
1327 1711 1388 1796 τῆς
1412 1710 1501 1794 ζωῆς
1522 1708 1619 1793 ἔγρα-

305 1833 370 1892 φεν
401 1803 545 1893 φάσκων
579 1801 649 1892 »ἐφ’
682 1796 711 1895 ᾧ
738 1801 780 1877 ού
809 1811 957 1894 θέλομεν
986 1804 1189 1877 ἐκδύσασθαι
1219 1800 1309 1894 <άλλ’
1341 1803 1616 1892 ἐπενδύσασθαι),

304 1906 359 1975 ἵνα
378 1913 562 1994 καταποθῇ
586 1902 628 1976 τὸ
652 1902 787 1993 θνητὸν
810 1899 877 1974 ύπό
898 1910 959 1993 τῆς
974 1911 1096 1995 ζωῆςι·
1124 1902 1262 1976 τούτων
1278 1902 1422 1994 όμαθοῦς
1443 1906 1533 1993 ἔχων
1554 1906 1620 1976 τόν

254 2023 286 2076 15
303 2008 365 2093 μέν
387 2002 492 2093 λόγον
514 2010 762 2092 διαβεβαιοῦται
788 2005 828 2073 έν
847 2010 902 2075 καὶ
929 2002 1059 2077 ταύτδν
1088 2011 1224 2091 μέλλειν
1254 2011 1429 2093 γίγνεσθαι
1459 2010 1511 2093 τῷ
1542 2011 1616 2093 θεῷ

305 2099 420 2192 ὥσπερ
442 2110 496 2175 καὶ
518 2102 693 2193 πρότερον
711 2096 763 2192 ῆν,
786 2103 851 2193 τῆν
865 2109 901 2175 δέ
916 2100 1023 2192 σάρκα
1045 2113 1332 2191 καταλειφθεῖσαν
1350 2099 1418 2173 ύπῦ
1434 2099 1619 2192 τοῦλόγου

304 2197 367 2273 οῦκ
389 2199 455 2273 οἷδ’
479 2197 498 2274 ό
521 2233 554 2274 τι
575 2211 661 2276 ποτὲ
685 2202 892 2294 γενήσεσθαι.
927 2200 1119 2275 ἐπάκουσον
1134 2198 1166 2275 δ’
1190 2195 1252 2275 οῦν
1275 2196 1372 2285 ὅπως
1387 2199 1496 2274 ταῦτά
1511 2229 1615 2292 φησιν
1634 2227 1651 2280 3

367 2306 435 2387 (Nr.
464 2310 535 2387 108)
566 2308 596 2374 εί
626 2309 663 2374 δέ
692 2333 744 2387 τις
773 2309 849 2392 περὶ
880 2309 942 2392 τῆς
972 2301 1094 2391 σαρκὸς
1124 2301 1250 2393 ταύτης
1281 2307 1341 2392 τῆς
1371 2306 1409 2372 ἐν
1439 2307 1490 2391 τῷ
1522 2298 1614 2391 λόγῳ

366 2397 545 2474 ἀθανάτου
567 2410 741 2492 γεγονυίας
762 2398 996 2485 πυνθάνοιτο,
1023 2410 1057 2473 τί
1079 2429 1191 2489 φαμεν
1211 2399 1297 2490 πρὸς
1319 2396 1441 2486 αύτόν,·
1463 2395 1518 2473 ότι
1540 2408 1615 2491 δογ-

367 2509 520 2591 ματίζειν
538 2508 600 2593 μὲν
621 2499 714 2592 ἡμεῖς
736 2509 811 2590 περὶ
835 2494 886 2573 οῦν
907 2501 952 2592 μῆ
983 2499 1129 2590 ἀκριβοῦς
1162 2499 1252 2590 παρά
1283 2508 1358 2573 τῶν
1384 2508 1495 2572 θείων
1515 2530 1614 2592 μεμα-

368 2597 522 2690 θήκαμεν
547 2609 691 2692 γραφῶν
720 2599 782 2674 ούκ
809 2597 958 2688 άοφαλὲς
985 2603 1070 2673 εἶναι
1096 2609 1283 2691 νομίζομεν.
1326 2608 1403 2684 πῶς
1424 2599 1487 2690 γὰρ
1509 2607 1615 2673 τοῦτο

367 2696 533 2788 πράττειν
555 2700 705 2774 δυνατὸν
727 2721 800 2786 τοῖς
815 2709 870 2772 καὶ
886 2701 928 2773 τὰ
944 2702 1073 2788 ἑτέρων
1088 2697 1336 2789 ἀνατρέπουσιν
1351 2696 1519 2790 δόγματα;
1540 2695 1615 2772 ἄλλ’
1634 2722 1652 2771 4

367 2802 508 2887 ἐροῦμεν
538 2801 624 2888 πρὸς
654 2804 736 2884 τοῦς
767 2801 831 2874 τὸν
861 2798 981 2890 ἀκριβῆ
1010 2808 1101 2920 περὶ·
1114 2798 1242 2871 τούτου
1266 2810 1390 2886 μαθεῖν
1415 2826 1485 2886 παρ
1518 2795 1616 2889 ῆμιῦν

367 2903 594 2988 βουλομένους
616 2896 729 2989 λόγον
753 2895 809 2972 ότι
830 2895 1029 2988 πειθόμενοι
1052 2906 1103 2989 τῷ
1129 2901 1208 2987 ἱερῷ
1232 2894 1459 2988 άποοτόλῳ”
1446 2924 1540 2988 ιομεν
1561 2891 1617 2970 ότι

367 2989 480 3081 οῦτως
502 2994 586 3088 ἡμᾶς
608 2994 692 3087 δρῦν
708 2999 751 3071 τὰ
770 2994 1048 3089 άποκεκρυμμένα
1068 2996 1234 3088 μυστήρια
1255 2995 1428 3088 προσήκει,
1450 3028 1498 3080 ως
1513 2994 1616 3081 αύτὸς

367 3100 444 3186 ἔφη
470 3097 704 3188 »βλέπομεν
668 3127 731 3188 γαρ
747 3098 841 3187 άρτκ
860 3107 964 3187 φησίν
981 3095 1041 3170 »δι’
1062 3094 1232 3186 ἐσόπτρου
1246 3100 1316 3186 <ἐν>
1332 3100 1511 3217 αἰνίγματι,
1535 3095 1615 3170 τότε

367 3202 402 3267 δέ
423 3194 614 3288 πρόσωπον
635 3194 722 3286 πρὸς
743 3195 950 3288 πρόσωπον(
975 3204 1031 3268 καὶ
1063 3207 1068 3282 Ι
1101 3197 1145 3269 τὰ
1167 3198 1249 3286 ἑξῆς.
1286 3193 1375 3268 ὥστε
1390 3225 1436 3286 μη
1451 3225 1517 3285 μου
1531 3226 1616 3267 πυν-
1636 3220 1697 3277 178

366 3293 479 3368 θάνον
498 3302 574 3385 περὶ
598 3288 649 3367 οῦν
670 3304 789 3383 σαφοῦς
810 3297 902 3385 παρὰ
925 3303 985 3387 τῆς
1006 3302 1101 3379 θείας
1123 3301 1254 3385 γραφῆς
1274 3294 1319 3385 μῆ
1341 3293 1533 3385 μεμάθηκα·
1560 3294 1616 3366 διὰ

367 3401 473 3467 τοῦτο
495 3403 613 3466 τοίνυν
635 3391 713 3467 ούδέ
735 3402 812 3485 περὶ
835 3403 895 3486 τῆς
917 3404 1014 3478 θείας
1036 3400 1189 3487 [γραφῆς]
1212 3399 1341 3483 ἐκείνης
1363 3401 1427 3484 τῆς
1448 3403 1500 3485 τῷ
1522 3392 1615 3484 λόγῳ

253 3517 287 3571 30
366 3491 621 3584 κοινωνησάσης
639 3493 763 3583 σαρκὸς
784 3503 903 3582 σαφοῦς
925 3499 1033 3567 εἰπεῖν
1055 3493 1247 3584 δυνήσομαι.

305 3590 370 3665 είθ
401 3590 546 3683 δμηδεν
568 3599 675 3681 λέγειν
700 3593 866 3666 δύνασθαι
886 3589 1078 3715 ὁμολογοῦν
1107 3599 1189 3682 μηδε
1220 3599 1450 3684 μεμαθηκέναι
1481 3623 1515 3664 τι
1546 3589 1614 3664 άπὸ

305 3699 366 3783 τῆς
394 3698 539 3782 γραφῆς
578 3700 721 3764 τοιαῦτα
751 3702 829 3782 περὶ
859 3700 920 3783 τῆς
952 3692 1074 3783 σαρκὸς
1104 3689 1322 3783 ἀπεφήνατο,
1353 3686 1425 3765 οὔτ’
1457 3688 1526 3764 άπὸ
1554 3699 1615 3782 τῆς
1633 3712 1650 3764 5

304 3799 437 3882 γραφῆς
459 3792 575 3875 λαβὼν
597 3786 676 3864 οῦτε
699 3787 759 3880 εἶφ’
781 3795 908 3882 ἑτέρων
929 3794 1139 3883 παραλαβὼν
1160 3786 1240 3863 ούτε
1262 3790 1331 3864 άπὸ
1355 3798 1416 3882 τῆς
1438 3795 1615 3882 ἐκκλησίας

303 3891 486 3980 μαθών,
475 3898 587 3980 εαυτῷ
611 3897 646 3963 δε
670 3887 867 3973 ἀναπλάσας
888 3921 944 3962 και
966 3898 1027 3981 τῆς
1050 3897 1173 3974 οἰκείας
1194 3889 1413 3983 ἐνθυμήσεως
1434 3889 1617 3982 ἐπινοήσας

252 4011 287 4065 35
305 3996 405 4076 ξένον
425 3997 481 4060 καὶ
503 3995 564 4079 τῆς
585 3985 749 4079 όληθείας
770 3987 955 4079 άλλότριον
976 3998 1138 4081 γέννημα,
1165 3997 1246 4080 μηδὲ
1274 3996 1313 4063 ἐν
1339 3998 1390 4082 νῷ
1413 3993 1531 4076 λαβὼν
1553 3992 1616 4081 τῆν

390 4162 409 4216 8
426 4160 525 4215 Matth.
545 4162 585 4225 17,
603 4162 620 4214 2
636 4188 670 4199 -
690 4161 728 4215 10
746 4159 817 4214 Phil.
835 4164 859 4228 3,
878 4161 910 4215 21
928 4191 962 4200 -
982 4162 1020 4217 18
1038 4162 1063 4216 ΙΙ
1081 4162 1146 4216 Kor.
1164 4164 1189 4228 5,
1206 4164 1224 4215 4
1242 4190 1275 4200 -
1293 4163 1332 4217 28
1350 4161 1363 4215 Ι
1382 4161 1446 4216 Kor.
1465 4164 1506 4229 13,
1525 4162 1557 4216 12

392 4310 408 4365 1
437 4309 539 4364 hiera.
558 4310 588 4363 R.
615 4303 644 4363 θ’
663 4310 688 4362 V
720 4311 724 4377 Ι
757 4310 776 4367 8
803 4312 894 4376 συνείς
919 4330 948 4365 m
974 4313 1077 4376 συνιείς
1095 4312 1119 4364 V
1152 4314 1156 4379 Ι
1191 4312 1228 4368 18
1255 4302 1318 4367 ἀλλ’
1343 4308 1553 4368 ἐπενδύσασθαι
1575 4324 1616 4365 mr

306 4410 361 4481 τρὶ.
379 4410 427 4465 ΝΤ
443 4428 470 4466 u.
489 4411 515 4464 S.
536 4411 592 4478 173,
611 4412 644 4464 24
675 4412 680 4479 1
716 4411 756 4465 20
783 4410 860 4483 παρὰ
888 4412 926 4465 1Ἰ
951 4430 976 4467 ιτ
1004 4412 1067 4466 αοι1
1085 4413 1123 4467 st
1150 4413 1218 4485 περὶ
1244 4414 1284 4466 Υ·
1316 4414 1321 4481 Ι
1354 4413 1393 4469 28
1419 4411 1573 4485 είσδπτρου
1591 4413 1614 4464 V

306 4512 309 4577 ί
340 4509 416 4567 {vm
448 4513 452 4578 Ι
486 4512 525 4568 28
544 4517 656 4581 γραφῆς
675 4514 721 4565 str.
740 4511 822 4566 v2u.
840 4512 902 4566 and.
922 4514 960 4567 St.
993 4514 998 4582 Ι
1030 4514 1070 4570 88
1093 4510 1143 4583 ἀφ’
1161 4510 1265 4571 ωάπδ
1284 4514 1309 4567 V
1342 4516 1346 4583 Ι
1379 4514 1419 4570 85
1436 4510 1615 4583 μηδένέν1’,

307 4630 375 4668 corr.
395 4612 431 4665 Kl
