3728 5508
937 462 1070 521 Eusebius

410 629 480 711 (Nr.
494 632 546 712 90)
561 622 636 697 ἀλλ’
659 621 678 697 ὁ
700 632 952 714 προειρημένος,
973 635 1096 718 βραχέα
1118 636 1192 701 τῶν
1213 625 1321 718 ὁγίων
1341 636 1535 718 προφητῶν
1557 657 1659 719 φρον-

410 731 518 811 τίσας,
559 724 608 809 ῶς
643 723 878 818 ἀπόρρητόν
909 758 998 800 τινα
1027 736 1093 800 καὶ
1123 727 1406 802 λανθάνουσαν
1436 736 1508 801 τοῦ
1538 727 1659 802 ἀποσ-

410 821 533 896 τόλου
562 837 780 916 θεολογίαν
814 828 1092 919 ἐξηγούμενος,
1131 829 1204 913 »είς
1235 828 1347 913 θεὸςι
1376 834 1451 920 ἔφη
1488 828 1563 913 »είς
1592 837 1657 901 καί

409 932 571 1013 μεσίτης
593 933 691 997 θεοῦ
708 935 773 999 καί
792 925 1038 1019 ἀνθρώπων,
1061 929 1278 1017 ἄνθρωπος
1294 930 1467 1019 Χριστός
1481 926 1655 1018 Ἰησοῦςι.

413 1030 494 1111 Ικαὶ
516 1020 536 1096 ὁ
558 1031 668 1097 ταῦτα
693 1025 826 1118 γράψας
852 1036 908 1101 καί
935 1025 1068 1118 σφόδρα
1098 1033 1153 1100 ἐπὶ
1183 1034 1235 1117 τῷ
1265 1034 1456 1118 μεμνῆσθαι
1482 1037 1557 1100 τῶν
1578 1055 1657 1117 γρα·
1674 1044 1763 1113 60120

412 1132 491 1211 φῶν
511 1135 733 1215 μεγαλαυχῶν
754 1124 817 1199 οῦκ
838 1125 1017 1218 ἐνενόησεν
1042 1122 1139 1199 ὁτιὸ
1169 1133 1275 1200 τοῦτο
1304 1126 1435 1217 γράψας
1464 1124 1657 1218 ἀγιῶτατος

411 1220 606 1306 ἀπόστολος
634 1222 770 1298 κάκεῖνο
796 1233 963 1316 γέγραφεν
996 1222 1052 1311 »ῦς
1082 1232 1120 1301 ἐν
1149 1234 1265 1317 μορφῇ
1293 1234 1378 1299 θεοῦ
1405 1224 1568 1317 ῦπάρχων
1597 1225 1659 1317 οῦχ

411 1319 589 1412 ἀρπαγμὸν
604 1319 753 1412 ἡγήσατο
777 1326 818 1398 τὸ
840 1327 926 1399 εἶναι
948 1332 1003 1399 ίσα
1024 1335 1112 1418 θεῶ,
1135 1323 1210 1400 ἀλλ’
1231 1332 1399 1399 ἐκένωσεν
1420 1323 1556 1405 ἑαυτόν,
1577 1355 1658 1417 μορ-

412 1422 483 1513 φὴν
509 1421 634 1494 δούλου
656 1425 785 1510 λαβῶν,
812 1430 850 1497 έν
876 1422 1066 1516 ὁμοιώματι
1087 1424 1281 1513 ἀνθρῶπου
1302 1423 1484 1516 γενόμενος
1503 1434 1560 1498 καί
1581 1424 1659 1516 σχή-

411 1551 492 1611 ματι
520 1520 669 1611 εῦρεθείς
697 1521 745 1607 σὸς
774 1524 991 1613 άνθρωποςι.
1037 1522 1119 1620 ὁρᾷς
1140 1519 1237 1609 ὁπως
1268 1523 1394 1615 (ῶσπερ
1420 1527 1576 1614 προῖδῶν
1605 1533 1656 1615 τῶ
1674 1542 1710 1597 61

411 1621 578 1711 πνεύματι
608 1623 674 1713 τὴν
696 1623 835 1697 τούτων
856 1634 1074 1715 κακουργίαν)
1096 1633 1154 1701 39*
1175 1620 1194 1696 ὁ
1216 1624 1306 1714 ίερὸς
1326 1623 1522 1710 ἀπόστολος
1543 1620 1656 1709 οῦτως

411 1727 449 1795 ἐν
480 1725 586 1812 ἑτέρῳ
617 1731 709 1813 μέρει
739 1723 781 1796 τὸ
815 1723 881 1808 »ῶς
903 1725 1108 1815 ἄνθρωπος(
1134 1729 1281 1815 ἔγραφεν
1306 1735 1363 1798 καὶ
1392 1730 1447 1797 »ἐν
1468 1720 1659 1815 ὁμοιώματι

412 1820 605 1910 ἀνθρῶπου
637 1821 851 1915 γενόμενοςι,
888 1828 944 1897 ἵνα
974 1825 1085 1914 παύση
1116 1823 1234 1897 αύτῶν
1264 1823 1330 1914 τὴν
1360 1823 1533 1914 τοσαύτην
1562 1836 1659 1912 βλασ·

412 1928 549 2012 φονίαν·

300 2039 333 2092 15
350 2030 405 2095 καί
426 2018 503 2112 μεθ’
526 2024 624 2111 έτερα
646 2024 710 2095 τὸν
732 2020 840 2095 αύτὸν
861 2044 1069 2113 συκοφαντεῖ
1089 2016 1158 2095 ῶδέ
1178 2053 1253 2106 πως

412 2126 482 2211 (Νι.
512 2132 565 2208 01)
599 2129 675 2206 πῶς
705 2115 768 2194 σῦν
801 2123 938 2208 τούτοις
971 2125 1016 2214 μὴ
1051 2125 1212 2213 προσχὼν
1242 2119 1401 2209 Εύσέβιος
1434 2119 1562 2212 μόνον
1592 2123 1658 2195 ἀν-

413 2234 583 2309 θρωπον
604 2220 676 2293 τὸν
702 2229 863 2313 σωτῆρα
884 2227 988 2296 εἶναι
1009 2223 1183 2310 βούλεται;
1214 2220 1256 2295 οῦ
1278 2230 1435 2310 φανερῶς
1457 2228 1521 2312 μὲν
1551 2230 1656 2296 τοῦτο
1675 2236 1711 2291 62

413 2328 523 2410 λέγειν
552 2329 708 2411 τολμῶν,
740 2329 846 2395 τοῦτο
875 2329 911 2394 δὲ
939 2319 1144 2413 βουλόμενος
1172 2317 1240 2394 ῦπὸ
1269 2330 1343 2393 τῶν
1364 2326 1461 2393 ἰδίων
1488 2327 1658 2412 ἐλέγχεται

413 2420 555 2512 ῥήσεων.

301 2542 335 2599 20
351 2517 447 2593 καὶὸ
470 2527 579 2593 ταῦτα
605 2521 717 2594 είπῶν
743 2518 806 2591 τὸν
831 2518 939 2593 αύτὸν
959 2528 1193 2612 κατεμέμφετο
1220 2518 1268 2604 ῶς
1294 2519 1381 2593 θεὸν
1407 2518 1659 2609 ἀναγορεύοντα

351 2620 416 2692 τὸν
436 2617 520 2705 υίόν,
543 2617 688 2710 γράφων
710 2616 823 2703 οῦτως

414 2725 484 2808 (Nr.
505 2728 557 2809 72)
588 2727 709 2793 διελεῖν
735 2720 798 2810 γὰρ
821 2716 1011 2808 τὸνλόγον
1033 2728 1097 2793 τοῦ
1119 2728 1203 2793 θεοῦ
1225 2720 1409 2811 τολμήσας,
1440 2729 1497 2793 καί
1520 2722 1660 2810 ἕτερον

413 2819 512 2893 θεὸν
538 2820 611 2892 τὸν
636 2817 758 2908 λόγον
781 2814 963 2909 ὀνομάσας,
986 2816 1099 2913 σύσίᾳ
1120 2830 1248 2892 τεκαὶ
1275 2820 1441 2913 δυνάμει
1463 2828 1661 2895 διεστῶτα

414 2926 485 2992 τοῦ
508 2918 675 3008 πατρός,
698 2926 744 3003 εἰς
768 2912 853 3007 ὁσην
873 2927 1091 3009 βλασφημίαν
1111 2925 1341 2994 ἐκπέπτωκεν.

300 3041 334 3095 25
434 3026 585 3091 τοσαῦτα
606 3026 661 3089 καὶ
684 3017 820 3089 τούτων
836 3022 886 3090 ἐτι
900 3026 1019 3109 μακρῷ
1035 3027 1186 3106 πλείονα,
1210 3018 1251 3093 οῦ
1265 3022 1352 3093 κατὰ
1366 3020 1487 3112 μόνων
1501 3028 1575 3093 τῶν
1589 3025 1660 3092 ἐπι·
1677 3034 1713 3089 63

352 3116 506 3200 σκόπων,
542 3116 629 3191 ἀλλὰ
664 3126 720 3188 καὶ
755 3116 843 3189 κατὰ
876 3123 938 3207 τῆς
972 3117 1087 3206 ύγιοῦς
1116 3128 1172 3192 καὶ
1201 3125 1479 3211 ἐκκλησιαστικῆς
1513 3129 1662 3202 πίστεως

351 3222 533 3308 ἐκθέμενος
555 3214 765 3306 Μάρκελλος,
792 3223 899 3316 ,δῆλος
924 3214 968 3287 ἀν
994 3223 1044 3307 είη
1067 3215 1188 3302 ὁποίας
1210 3216 1313 3303 αύτὸς
1333 3217 1484 3310 ῦπῆρχεν
1505 3227 1662 3310 προαιρέ-

352 3342 444 3402 σεως.
480 3311 535 3390 ὁτι
556 3313 588 3388 δ’
612 3314 711 3389 οῦδὲν
732 3323 794 3408 τῆς
816 3314 979 3405 ἀληθείας
1000 3320 1116 3406 ἐμελεν
1138 3324 1189 3408 τῷ
1206 3314 1312 3407 ἀνδρί,
1334 3317 1459 3409 μάθοις
1481 3318 1525 3392 ἀν
1544 3316 1663 3401 αύταῖς

351 3418 504 3506 ἐντυχῶν
526 3434 600 3499 ταῖς
621 3424 696 3487 τῶν
717 3412 915 3488 ἐπισκόπων
941 3422 1150 3503 ἐπιστολαῖς,
1181 3424 1218 3490 ἐν
1240 3421 1291 3503 αίς
1314 3416 1463 3510 εῦρήσεις
1492 3417 1599 3492 αύτὸν
1620 3416 1662 3490 τό

300 3536 334 3591 30
350 3524 412 3607 μὲν
432 3524 503 3589 πᾶν
525 3523 622 3606 σῶμα
648 3522 709 3605 τῆς
740 3522 889 3599 διανοίας
920 3523 995 3587 τῶν
1024 3524 1150 3604 λέξεων
1179 3516 1483 3610 ἀκρωτηριάζοντα
1512 3527 1568 3590 καί
1599 3517 1689 3590 τὸν·

350 3625 413 3707 μὲν
447 3615 562 3689 πάντα
590 3615 705 3704 εἱρμὸν
734 3611 1018 3703 ἀποκρύπτοντα,
1054 3620 1231 3708 ῥηματίων
1259 3624 1296 3691 δέ
1326 3615 1664 3708 ἀντιλαμβανόμενον

351 3725 406 3791 καὶ
429 3716 566 3788 τούτων
587 3713 783 3803 κακούργως
804 3713 1011 3805 ποιούμενον
1031 3717 1097 3808 τὴν
1111 3717 1281 3810 διαβολήν.
1317 3716 1439 3791 αύτίκα
1459 3725 1543 3807 γοῦν
1563 3740 1662 3789 συκο-
1678 3735 1714 3790 64

353 3836 477 3905 φαντεῖ
496 3815 560 3887 τὸν
582 3812 742 3900 Εύσέβιον
762 3819 800 3886 ἐκ
827 3821 891 3887 τοῦ
916 3824 1129 3905 προφανοῦς,
1161 3816 1209 3900 ῶς
1238 3818 1344 3907 ψιλόν
1374 3817 1568 3909 ἄνθρωπον
1598 3816 1663 3888 τὸν

353 3916 504 4007 Χριστὸν
539 3912 714 4005 εἰρηκότα,
749 3917 863 4007 ἐπειδὴ
896 3922 957 4005 τῆς
987 3913 1218 4007 άποστολικῆς
1249 3925 1369 4008 φωνῆς
1398 3924 1437 3990 ἐν
1467 3925 1510 4006 τῇ
1542 3919 1664 3988 ἑαυτοῦ

438 4086 644 4151 θΙΤίω.2,5
671 4116 702 4128 -
732 4087 746 4142 ί
776 4085 848 4141 PhiL
862 4089 887 4153 2,
901 4090 954 4145 6.7
981 4120 1014 4129 -
1042 4089 1103 4145 lzt
1126 4089 1197 4144 Phil.
1214 4093 1269 4156 2‚7
1295 4120 1329 4130 ·-
1355 4089 1415 4146 881
1438 4088 1494 4160 νηί.
1512 4087 1558 4142 Ντ.
1576 4087 1611 4142 90
1636 4102 1663 4139 υ.

353 4189 378 4243 S.
392 4190 434 4255 27,
456 4193 497 4245 31.
523 4191 565 4259 29,
577 4193 610 4247 32

439 4340 536 4397 5-14
552 4342 603 4397 καὶ
620 4371 653 4381 -
671 4339 864 4412 βλασφημίαν]
889 4341 982 4396 bisher
1008 4342 1049 4396 als
1066 4341 1192 4398 Polemik
1218 4342 1266 4398 des
1287 4340 1421 4398 Eusebius
1442 4356 1531 4411 χορόν
1548 4335 1665 4393 namen

354 4443 464 4512 ρείεεεί,
483 4444 554 4498 auch
571 4459 627 4497 von
644 4443 699 4506 R03
718 4441 793 4495 dann
809 4445 913 4496 mflsste
930 4442 997 4497 aber
1014 4443 1043 4497 in
1060 4444 1087 4497 Ζ.
1102 4447 1143 4499 11.
1161 4447 1194 4499 13
1211 4443 1264 4498 ωἰί
1282 4455 1325 4497 mr
1345 4440 1450 4499 τούτου
1466 4459 1492 4496 υ.
1511 4437 1601 4514 αῦτσο
1618 4455 1664 4510 ευ

353 4544 429 4599 lesen
447 4544 576 4613 werden!
602 4546 616 4600 7
637 4541 770 4608 κάκεῖνος
789 4542 822 4605 V,
841 4558 909 4598 corr.
927 4545 974 4598 Mo
999 4546 1003 4612 Ι
1028 4545 1064 4600 Ιί
1089 4550 1173 4600 τοῦτο
1191 4542 1244 4613 μέν
1262 4544 1310 4613 V*‚
1327 4563 1363 4594 ω
1384 4543 1420 4599 V¹
1442 4545 1447 4611 Ι
1472 4543 1511 4601 18
1537 4540 1614 4612 λέγει
1631 4541 1664 4605 V,

354 4662 422 4700 corr.
440 4645 490 4713 ωί
512 4646 625 4701 1ί-10
645 4638 681 4701 ου’
699 4674 733 4684 -
751 4642 861 4715 ῥήσεων
879 4645 920 4698 als
938 4643 1080 4700 Eusebius’
1100 4644 1196 4700 Worte
1213 4664 1241 4699 m
1259 4664 1279 4715 g
