3698 5510
345 435 384 497 86
931 427 1065 483 Eusebius

346 586 453 664 αᾶτοῦ
475 600 612 681 γνῶσις,
640 597 722 682 μηδὲ
744 597 936 682 περαιτέρω
959 622 1011 675 τις
1033 599 1148 682 ζητῶν
1169 601 1323 682 χωρείτω
1347 591 1480 682 φάσεως
1501 600 1576 683 πέρι
1596 603 1650 665 καί

347 687 462 774 οὖσίας
484 688 696 782 ἀπορρήτου,
724 688 811 782 μόνη
832 698 868 763 δὲ
890 687 969 783 ήμῑν
991 688 1012 781 ἡ
1033 688 1140 763 αᾶτοῦ
1161 699 1235 780 περὶ
1265 690 1372 765 αὐτοῦ
1393 698 1587 765 διδασκαλία
1609 702 1650 782 τή

348 796 409 880 τῆς
430 798 577 874 πίστεως
598 793 798 878 βεβαιώσδω
813 788 934 881 χάριτι,
954 799 1074 879 σαφῶς
1095 788 1211 864 πάντα
1233 788 1329 883 αᾶτῷ
1350 789 1417 865 άπὸ
1442 799 1503 864 τοῦ
1524 791 1650 881 πατρὸς

346 887 601 980 παραδεδόσθαι
622 890 836 963 παιδεύουσα.
879 887 1005 962 οᾶκοῦν
1031 884 1050 962 ό
1077 896 1139 980 μὲν
1160 889 1242 974 θεὸς
1264 895 1376 962 ἐδίδου
1396 899 1453 963 καί
1474 898 1651 982 παρεδίδου
1666 910 1698 963 36

312 995 401 1063 σέπὶ
423 989 598 1075 βελτιώσει
619 1000 675 1062 καί
698 987 856 1084 τᾶφελείᾳ,
879 989 936 1063 οία
954 996 1084 1081 σωτῆρι
1097 999 1154 1062 καί
1169 997 1278 1081 ἰατρῷ
1300 998 1357 1062 καὶ
1378 989 1565 1082 κυβερνήτῃ
1581 1000 1652 1063 τῶν

348 1083 443 1162 ἄλων
475 1090 539 1180 τήν
568 1087 759 1179 παράδοσιν
788 1089 1004 1180 ποιούμενος
1040 1084 1059 1161 5
1091 1096 1127 1163 δέ
1160 1096 1165 1176 Ι
1197 1090 1269 1174 υίὸς
1300 1089 1485 1181 ἐλάμβανεν
1515 1099 1570 1162 καὶ
1600 1093 1652 1164 σία
1668 1108 1704 1164 82

345 1189 469 1272 πιστὸς
482 1190 780 1281 παραθηκοφύλαζ
794 1190 859 1281 τήν
874 1187 969 1262 δόσιν
989 1187 1135 1278 ὑπεῖχεν,
1157 1186 1218 1278 οᾶχ
1241 1186 1289 1272 οᾶς
1304 1187 1407 1280 λόγος
1428 1186 1585 1274 ἄνούσιος
1599 1200 1651 1262 καὶ

348 1284 597 1410 ἄνυπόστατος,
620 1286 694 1362 ἄλλ’
718 1288 766 1374 ὠς
788 1288 928 1380 άληθῶς
950 1289 1021 1373 υίὸς
1043 1282 1095 1361 ἄεν
1116 1288 1304 1380 μονογενής
1325 1298 1382 1361 καὶ
1397 1287 1572 1380 ἀγαπητὸς
1594 1298 1653 1363 τοῦ

347 1417 485 1479 πατρος.

297 1506 330 1560 10
431 1489 467 1577 ζ’.
498 1491 548 1560 έτι
569 1488 656 1577 πρὸς
687 1486 826 1572 τούτοις
854 1496 911 1560 καὶ
941 1488 1049 1577 ἄρτον
1080 1494 1169 1580 ζωῆς
1196 1484 1298 1572 αὐτὸς
1325 1487 1448 1561 ἑαυτὸν
1481 1486 1653 1580 ω’νόμαζεν
1668 1509 1697 1562 31

348 1595 458 1680 λέγων
484 1587 568 1678 »ἐγώ
590 1594 656 1678 εἰμι
679 1582 697 1658 5
720 1586 825 1676 ἄρτος
847 1593 909 1677 τῆς
932 1593 1051 1678 ζωήςι,
1077 1587 1161 1677 »ἐγώ
1184 1594 1249 1679 εἰμι
1271 1582 1290 1659 5
1313 1587 1418 1678 ἄρτος
1440 1584 1459 1660 5
1484 1595 1555 1677 ζῶν
1576 1585 1594 1661 5
1618 1595 1653 1662 ἐκ

347 1697 411 1762 τοῦ
434 1686 580 1777 οὐρανοῦ
600 1683 779 1773 καταβάςι.
821 1694 877 1758 καὶ
908 1680 1004 1771 ὅπως
1025 1684 1152 1778 όπήρχε
1174 1694 1259 1775 ζῶν,
1286 1685 1437 1775 διεσάφει
1458 1686 1652 1777 τρανότατα

348 1796 526 1878 διαρθρτῖιν
547 1793 584 1860 ἐν
606 1788 656 1870 οίς
679 1812 782 1876 φησιν
816 1789 953 1871 »καθως
984 1784 1180 1860 ἀπέστειλέν
1210 1816 1250 1875 με
1274 1781 1294 1858 5
1319 1795 1388 1875 ζῶν
1416 1786 1533 1879 πατήρ
1562 1786 1651 1878 κᾶγώ

348 1897 396 1977 ζῶ
432 1889 487 1961 διὰ
518 1887 582 1960 τὸν
616 1892 761 1973 πατέρα,
797 1894 854 1957 καὶ
884 1881 903 1958 5
934 1886 1082 1976 τρώγων
1116 1915 1156 1977 με
1186 1883 1342 1972 κᾶκεῑνος
1373 1885 1464 1977 ζήσει
1495 1886 1541 1959 δι’
1573 1892 1653 1977 ἐμέι.
1669 1903 1700 1958 32

297 2006 329 2059 15
347 1995 454 2061 τοῦτο
478 1994 533 2062 57¹
562 1993 598 2059 δὲ
619 1993 676 2057 καὶ
697 1989 735 2056 ἐν
756 1986 885 2074 ἑτέροις
915 1989 1064 2072 ἐδίδαξεν
1095 1986 1203 2058 εἰπών
1236 1980 1369 2074 »ὥσπερ
1400 1986 1463 2076 γάρ
1494 1982 1514 2059 5
1543 1988 1652 2077 πατὴρ

349 2088 440 2180 ζωήν
468 2091 533 2177 ἔχει
568 2091 607 2157 έν
637 2089 757 2176 ἑαυτῷ,
793 2078 905 2170 οὕτως
934 2092 989 2156 καὶ
1021 2093 1072 2176 τῷ
1103 2089 1167 2176 υίῴ
1205 2087 1333 2158 ἔδωκεν
1369 2086 1462 2177 ζωήν
1499 2089 1586 2177 ἔχειν
1620 2091 1655 2157 ἐν

349 2190 489 2277 ἓαυτῷι.
533 2182 585 2275 ἄρ’
609 2178 670 2258 οὖν
696 2194 752 2256 καί
782 2184 888 2275 ἄρτος
918 2177 961 2275 ήν
992 2190 1079 2275 ζωής
1108 2189 1166 2256 καί
1195 2181 1346 2275 ἄπῆρχεν
1376 2190 1414 2256 ἐν
1440 2192 1494 2276 τῷ
1522 2184 1654 2277 οὐρανῷ

349 2287 410 2371 τὰς
432 2281 608 2375 ἄγγελικᾶς
630 2283 784 2376 δυνάμεις
806 2282 965 2371 ἐπάρδων
985 2291 1042 2356 καί
1064 2291 1204 2372 τρέφων
1226 2293 1269 2375 τῇ
1284 2290 1346 2375 τής
1368 2281 1538 2374 θεότητος
1553 2282 1655 2356 αὐτοῦ

349 2384 494 2476 δυνάμει,
516 2394 573 2458 καὶ
595 2391 745 2457 τοσαῦτα
767 2377 810 2473 ήν
830 2392 912 2472 πρίν
934 2389 988 2456 ἐπὶ
1011 2390 1071 2475 γῆς
1093 2390 1218 2470 ἐλθεῖν,
1240 2380 1313 2467 υίός
1339 2413 1376 2455 τε
1392 2375 1434 2473 ήν
1456 2384 1549 2475 ζωήν
1570 2387 1654 2473 ἔχων

297 2506 331 2561 20
350 2491 406 2557 »ἐν
436 2488 583 2574 ἑαυτῷι,
615 2481 741 2574 ὁμοίως
772 2490 824 2574 τῷ
854 2489 958 2570 πατρί
989 2483 1081 2575 ζωήν
1112 2487 1226 2573 ἔχοντι
1260 2488 1316 2556 »ἐν
1338 2486 1480 2573 ἑαυτῷι.
1525 2482 1564 2555 τὸ
1595 2484 1701 2572 γὰρ33

348 2591 522 2675 ἐξαίρετον
543 2591 598 2655 καί
620 2581 752 2672 ίδιᾶζον
772 2591 835 2673 τῆς
856 2590 919 2655 τοῦ
940 2582 1071 2672 πατρὸς
1091 2581 1259 2674 ἄγενήτου
1280 2590 1335 2654 καί
1350 2589 1469 2673 δεῖκής
1494 2590 1592 2672 ζωῆς.
1614 2579 1652 2654 δι’

348 2683 392 2774 ἣν
425 2681 547 2773 »μόνος
578 2688 664 2772 ἔχειν
698 2680 905 2755 ἀθανασίαν(
941 2682 1029 2755 κατὰ
1061 2681 1124 2754 τὸν
1155 2693 1252 2757 θεῖον
1282 2678 1483 2756 ἀπόστολον
1519 2688 1653 2773 εἴρηται,

348 2782 453 2876 μόνος
476 2781 519 2854 ἄν
541 2787 611 2872 ἔχοι
633 2778 652 2854 5
675 2781 757 2865 υίός,
780 2776 841 2854 ἄτε
863 2784 966 2854 είκών
988 2788 1051 2853 τοῦ
1072 2782 1205 2868 πατρὸς
1223 2788 1280 2854 καί
1300 2780 1389 2854 κατὰ
1411 2788 1519 2855 τοῦτο
1540 2779 1655 2871 τυγχᾶ·

348 2906 433 2956 νων·
469 2886 533 2973 ἔχει
564 2887 600 2953 δὲ
630 2882 695 2972 τὴν
722 2888 898 2971 εἰρημένην
920 2881 1013 2971 ζωήν
1035 2877 1096 2952 οὐκ
1118 2879 1269 2970 ἄναρχον
1291 2878 1369 2955 οᾶδὲ
1391 2877 1559 2971 ἄγένητυν
1581 2879 1655 2953 οὐδὲ

297 3003 330 3056 25
348 2980 545 3071 ίδιόκτητον
567 2977 694 3072 ὁμοίως
716 2988 768 3072 τῷ
789 2988 904 3069 πατρί,
927 2977 1013 3052 ἄλλὰ
1035 2979 1128 3069 παρὰ
1148 2986 1211 3050 τοῦ
1232 2980 1363 3070 πατρὸς
1385 2981 1511 3064 λαβών.
1548 2974 1655 3063 οᾶτως
1670 2998 1700 3053 34

349 3081 412 3173 γάρ
434 3105 537 3172 φησιν
562 3089 635 3153 »καὶ
657 3087 709 3171 τῷ
730 3083 794 3170 υίῴ
815 3082 944 3152 ἔδωκεν
965 3079 1058 3169 ζωήν
1072 3082 1160 3168 ἔχειν
1174 3083 1212 3150 ἐν
1226 3082 1350 3171 ἑαυτῷ,
1372 3082 1494 3165 καθὼς
1510 3076 1529 3153 δ
1544 3079 1654 3169 πατὴρ

349 3181 441 3272 ζωήν
462 3185 527 3271 έχει
548 3184 586 3252 ἐν
607 3183 748 3270 ἑαυτῷι.
778 3177 904 3253 ου’κοῦν
925 3175 944 3251 5
966 3186 1027 3269 μὲν
1050 3183 1185 3264 ἔδωκεν,
1208 3175 1228 3251 5
1250 3186 1286 3251 δὲ
1301 3186 1450 3269 εἴληφεν.
1481 3188 1537 3252 καί
1552 3180 1655 3270 μόνος

348 3278 444 3355 τοῦτ’
476 3285 614 3368 εἴληφεν
645 3280 686 3352 τὸ
717 3286 828 3368 γέρας,
864 3276 912 3363 είς
946 3278 991 3370 μή
1023 3283 1151 3366 ἔξωθέν
1181 3288 1294 3352 ποθεν
1325 3277 1421 3370 αὐτῷ
1456 3289 1655 3369 πορίζεσθαι

349 3376 475 3469 ὁμοίως
497 3398 569 3463 τοῖς
591 3391 725 3462 λοιποῖς
755 3386 859 3466 ζῶσιν
889 3377 954 3469 τήν
985 3375 1091 3468 ζωήν,
1125 3375 1199 3450 ἄλλ’
1230 3382 1267 3450 ἐν
1298 3379 1410 3467 ἑαυτῷ
1440 3378 1655 3470 πηγάζουσαν

297 3497 331 3552 30
349 3484 436 3568 ἔχειν
458 3477 566 3569 αᾶτήν
587 3478 674 3550 κατὰ
698 3479 763 3568 τήν
784 3484 821 3551 ἐν
848 3485 900 3568 τῷ
927 3487 1040 3567 πατρί.
1084 3475 1137 3549 διὸ
1158 3475 1275 3550 πάντα
1301 3483 1365 3568 μὲν
1386 3476 1462 3566 <τά>
1486 3484 1548 3568 τῆς
1571 3484 1655 3567 ζωῆς

347 3587 472 3670 μέτοχα
494 3585 529 3666 ἐζ
551 3585 765 3667 ἐπιχορηγίας
787 3584 851 3651 τοῦ
870 3583 948 3650 υἱοῦ
971 3585 1021 3667 ζῇ·
1042 3574 1148 3669 μόνος
1163 3584 1199 3650 δὲ
1214 3573 1318 3659 αᾶτὸς
1332 3575 1552 3666 πηγᾶζουσαν
1567 3577 1656 3666 ζωήν

349 3684 414 3768 ἔχει
436 3683 474 3750 ἐν
496 3680 620 3767 ἑαυτῷ,
650 3676 865 3765 τοῦπατρὸς
887 3674 982 3767 αὐτῷ
1004 3684 1111 3750 τοῦτο
1134 3681 1376 3766 δωρησαμένου
1398 3682 1446 3757 εἰς
1467 3675 1655 3749 ἀπόλαυσιν

349 3787 423 3852 τῶν
452 3775 652 3869 μελλόντων
682 3774 727 3847 δι’
761 3773 868 3847 αὐτοῦ
899 3787 1149 3864 ζωοποιείσδαι.
1192 3771 1211 3848 5
1243 3775 1283 3865 δή
1305 3783 1363 3847 καὶ
1385 3772 1488 3857 αᾶτὸς
1511 3775 1654 3847 διδάσκει
1670 3784 1701 3838 35

349 3884 460 3968 λέγων
485 3878 622 3959 »καθώς
644 3872 840 3947 ἀπέστειλέν
860 3905 900 3963 με
921 3871 940 3946 5
964 3883 1034 3963 ζῶν
1055 3874 1169 3964 πατήρ
1191 3872 1287 3964 κᾶγώ
1303 3882 1351 3962 ζῶ
1367 3874 1422 3947 διὰ
1438 3874 1502 3947 τὸν
1516 3881 1653 3962 πατέρα,

297 3995 330 4048 35
347 3985 403 4050 καὶ
426 3973 445 4048 ὁ
468 3976 616 4066 τρώγων
635 4003 675 4064 με
697 3972 853 4058 κᾶκεῑνος
876 3973 965 4064 ζήσει
987 3971 1033 4046 δι’
1056 3979 1119 4063 ἐμέ.
1162 3966 1265 4058 οὗτός
1287 3980 1379 4047 ἐστιν
1401 3969 1420 4045 5
1443 3973 1551 4065 ἄρτος
1578 3970 1597 4046 5
1620 3980 1655 4045 ἐκ

349 4083 412 4148 τοῦ
434 4073 581 4164 ούρανοῦ
602 4071 778 4160 καταβᾶςι.
822 4069 904 4163 ὁρᾶς
935 4067 1032 4156 ὅπως
1060 4081 1116 4144 καί
1142 4079 1179 4146 ἐν
1201 4070 1340 4163 οᾶρανῷ
1367 4070 1533 4164 ὑπάρχων
1554 4074 1654 4162 ἄρτος

435 4246 472 4301 11
491 4246 552 4301 Joh.
571 4248 595 4312 6,
613 4246 648 4298 48
665 4274 697 4283 -
716 4243 777 4298 Joh.
795 4244 819 4309 6,
829 4245 860 4297 51
879 4273 912 4282 -
933 4244 971 4300 18
989 4244 1052 4299 Joh.
1062 4248 1086 4311 6,
1096 4246 1129 4300 57
1147 4274 1180 4283 -
1199 4243 1396 4311 161ο1ιῦ,26
1412 4273 1446 4283 -
1465 4244 1506 4299 20
1523 4244 1653 4309 Joh.5‚26

348 4378 381 4387 —
400 4347 439 4403 22
458 4347 469 4399 I
487 4346 557 4400 Tim.
576 4349 600 4412 6,
619 4348 652 4400 16
670 4374 703 4383 -
722 4344 761 4400 26
779 4345 841 4399 Joh.
860 4348 884 4411 5,
902 4345 935 4401 26
953 4376 986 4384 -
1004 4345 1044 4401 84
1063 4345 1124 4400 Joh.
1142 4346 1166 4407 6,
1184 4347 1226 4401 57.
1244 4346 1278 4400 58

435 4498 450 4551 1
472 4516 518 4550 πε
536 4514 552 4542 υ
570 4514 586 4542 *
603 4514 619 4543 υ
637 4493 710 4568 τέρω
721 4496 770 4559 1’*,
789 4511 857 4550 corr.
868 4495 909 4548 V²
922 4497 927 4563 Ι
942 4494 960 4550 2
978 4497 1043 4566 περί
1053 4491 1174 4549 αὐτοῠΙΙ
1189 4496 1194 4562 Ι
1210 4492 1458 4566 δβεβαωδσδωᾙ
1473 4496 1477 4561 Ι
1496 4495 1510 4549 7
1526 4490 1652 4563 ὑπείχετο

351 4598 384 4652 V.
403 4614 471 4652 corr.
481 4595 534 4651 We
557 4599 561 4663 Ι
586 4596 626 4651 26
643 4604 746 4651 τοῦτον
758 4596 804 4650 Mo
829 4599 833 4664 Ι
857 4597 897 4653 66
915 4594 949 4651 τά
967 4597 1012 4651 nb.
1023 4597 1049 4651 d.
1059 4597 1085 4651 Z.
1095 4597 1134 4649 V²
1155 4598 1161 4664 Ι
1185 4596 1225 4651 66
1243 4593 1368 4661 αᾶτδςιο
1387 4593 1464 4669 αὐτῷ
1478 4596 1519 4648 V*
1537 4592 1605 4650 αέτδ
1619 4594 1653 4645 V²
