3698 5510
550 503 584 559 de
602 502 786 559 ecclesiastica
802 501 944 572 theologia
961 504 986 557 ΙΙ
1004 504 1045 559 25.
1070 503 1110 557 ΙΙΙ
1128 506 1151 558 1.

831 716 881 786 Γ.

675 863 882 954 Κεφάλαια
905 874 976 938 τοῦ
997 866 1035 956 γ’.

223 1017 248 1079 α’
268 1018 308 1088 ὥς
325 1022 503 1093 διαστρόφως
520 1022 536 1078 ό
556 1020 726 1092 Μάρκελλος
742 1018 794 1086 τάς
810 1022 892 1086 θείας
910 1021 1024 1094 γραφάς
1042 1018 1205 1093 ἑρμηνεύειν
1224 1020 1338 1092 ἐτόλμα.

221 1101 249 1179 β’
267 1103 346 1171 ίίττως
362 1105 396 1164 τό
426 1105 536 1179 »κάρτος
562 1102 670 1162 ἐκτιοέν
691 1124 727 1173 με
754 1103 844 1176 ἀρχὴν
870 1105 945 1161 ὁδῶν
970 1105 1072 1162 αότοῦ«
1098 1109 1147 1162 καί
1170 1105 1205 1163 τά
1229 1106 1320 1178 τοτ’τῳ
1348 1108 1511 1177 συνημμένα

165 1193 182 1243 5
270 1199 385 1255 νοεῖται,
404 1194 453 1248 καί
470 1187 549 1257 όττως
565 1191 601 1247 τὰ
619 1188 691 1246 αότὰ
702 1187 872 1261 Μάρκελλος
890 1188 938 1247 ἐτιί
955 1193 1005 1259 την
1023 1189 1115 1263 σάρκα
1133 1198 1185 1247 τοῦ
1203 1202 1331 1263 σωτῆρος
1347 1200 1476 1262 μετῆγεν.

221 1271 247 1345 γ’
266 1271 383 1349 ἔλεγχος
400 1283 458 1332 τῶν
476 1274 528 1332 οὐκ
546 1273 642 1349 ὀρθῶς
668 1273 709 1340 είς
732 1274 798 1340 τοὺς
818 1274 924 1340 τόπους
947 1273 1024 1349 αὐτῷ
1049 1275 1228 1347 λελεγμένων
1258 1280 1307 1333 καί
1332 1284 1391 1333 τῶν
1418 1276 1511 1334 αὐτῶν

269 1356 348 1431 &mc
366 1358 509 1431 ἑρμηνεία·

226 1441 250 1499 δ’
269 1442 349 1511 όαως
366 1443 542 1516 Μάρκελλος,
561 1445 599 1513 μὴ
619 1446 721 1510 συνιείς
738 1441 789 1510 τὰς
810 1443 936 1516 γραφάς,
962 1447 1032 1514 μίαν
1053 1438 1127 1501 εἶναι
1149 1441 1268 1517 ὡρίζετο
1287 1442 1444 1502 ὑπόστασιν
1462 1465 1513 1501 τια-

268 1528 336 1600 τρδς
353 1532 402 1585 καί
419 1524 482 1584 υίοῦ
499 1531 548 1584 καί
565 1524 649 1598 ἁγιόυ
666 1527 834 1598 πνεόματος.

148 1617 182 1671 10
225 1611 248 1671 ε’
268 1610 347 1680 ὅπως
365 1613 382 1669 δ
401 1616 492 1684 σωτὴρ
510 1616 643 1684 περὶτοῦ
661 1609 743 1685 ἁγίου
761 1613 922 1684 τινεδματος
940 1610 1091 1671 ἐδίδασκεν.

225 1690 248 1763 ς’
267 1694 346 1764 ὅπως
363 1699 380 1767 η
398 1694 531 1766 ἐκκλησία
550 1700 615 1768 τιερί
640 1697 750 1768 πατρός
772 1701 821 1754 καί
839 1695 901 1754 υίοῦ
926 1701 976 1754 καί
997 1695 1080 1769 ἁγίου
1105 1696 1268 1768 πνεύματος
1285 1705 1403 1771 φρονεῖν
1421 1716 1512 1768 παρα·

267 1785 387 1841 δίδωσιν.

225 1864 248 1937 ζ’
268 1863 347 1934 ὅπως
356 1867 526 1940 Μάρκελλος
538 1870 589 1937 τὴν
603 1864 701 1924 είκόνα
715 1875 767 1924 τοῦ
780 1871 853 1924 θεοῦ
866 1875 917 1923 τοῦ
931 1866 1057 1940 ἀοράτου
1066 1870 1117 1937 την
1126 1869 1218 1939 σάρκα
1228 1861 1511 1940 εἷναιδιεβεβαιοῦτο.

226 1949 250 2022 η’
270 1948 351 2017 ὅπως
369 1952 385 2009 ό
403 1950 489 2020 αἰτός
504 1951 592 2022 μηδὲν
610 1950 732 2022 ὠφελεῖν
751 1954 801 2020 τὴν
819 1951 912 2023 σάρκα
930 1961 981 2008 τοῦ
999 1959 1127 2025 σωτῆρος
1144 1950 1328 2024 ἀπεφαίνετο.
1349 1954 1354 2020 Ι
1531 1950 1586 2007 147

147 2042 180 2095 15
222 2032 250 2093 θ’
270 2033 349 2102 ὅπως
366 2040 650 2106 καταλειφθήσεσδαι
668 2035 755 2109 ἐντῷ
774 2045 825 2093 τοῦ
842 2038 949 2102 παντὸς
969 2036 1045 2093 τέλει
1068 2040 1118 2106 την
1136 2037 1229 2108 σάρκα
1246 2045 1297 2093 τοῦ
1315 2042 1442 2109 σωτῆρος
1460 2044 1512 2092 τοῦ

268 2123 357 2193 λόγου
375 2117 483 2193 ἔρημον
500 2120 607 2192 ἐτόλμα
625 2120 725 2193 λίγειν.

231 2201 249 2262 ι’
269 2207 357 2262 ὁποῖα
376 2204 406 2262 αί
423 2210 501 2264 θεῖαι
516 2209 626 2279 γραφαί
643 2209 709 2279 περὶ
726 2212 776 2275 τῆς
794 2205 900 2278 σαρκός
917 2214 968 2261 τοῦ
986 2213 1113 2275 σωτῆρος
1129 2205 1321 2273 διδάσκουσιν,
1347 2208 1396 2261 καί
1419 2201 1459 2271 ὼς
1475 2205 1511 2261 τὰ

268 2288 384 2348 ἐναντία
399 2290 570 2363 Μάρκελλος
587 2289 711 2366 ἐφρόνει.

209 2369 249 2432 ια’
269 2371 348 2441 ίίπως
364 2378 403 2445 μη
421 2378 527 2445 νοήσας
552 2379 602 2446 την
629 2375 813 2448 εὐαγγελικην
839 2377 937 2446 φωνην
963 2375 1156 2443 σκανδαλίζειν
1183 2371 1237 2445 ἔφη
1263 2378 1314 2444 τόν
1341 2376 1433 2448 σάρκα
1459 2380 1512 2432 τοῦ

145 2468 180 2522 20
268 2467 396 2531 σωτῆρος
412 2462 461 2515 καί
478 2458 565 2529 μηδὲν
583 2456 713 2528 ὠφελεῖν.

209 2541 247 2618 ιβ
266 2541 401 2618 ἑρμηνεία
420 2551 468 2612 τῆς
484 2542 668 2615 εόαγγελικῆς
684 2544 792 2612 λέξεως.

209 2621 246 2700 ιγ’
267 2621 347 2696 ὅπως
363 2632 414 2699 την
436 2635 489 2686 τοῦ
505 2630 631 2701 Χριστοῦ
652 2631 798 2702 βασιλείαν
820 2626 909 2700 ἀρχὴν
932 2627 985 2696 μἐν
1003 2625 1148 2696 εἰληφέναι
1173 2629 1224 2695 τὴν
1242 2626 1299 2684 ἀττό
1319 2629 1511 2700 τετρακοσίων

267 2710 339 2769 ἐτῶν
357 2712 437 2779 τέλος
454 2713 483 2770 δὲ
501 2708 575 2780 ἕξειν
593 2711 624 2769 ἐν
641 2720 677 2784 τῇ
696 2714 839 2787 συντελείᾳ
857 2715 1058 2785 διεβεβαιοῦτο,
1076 2712 1265 2783 διαστρόφους
1277 2711 1449 2781 ποιούμενος
1460 2712 1511 2778 τάς

266 2805 325 2854 τῶν
342 2799 430 2854 θείων
448 2804 569 2869 γραφῶν
588 2795 745 2869 ἑρμηνείας.

144 2887 178 2941 25
214 2883 249 2938 ιδ’
268 2879 413 2953 ἐξηγήσεις
429 2889 479 2951 τῆς
496 2880 594 2952 ὑγιοῦς
610 2884 738 2948 διανοίας
754 2889 813 2938 τῶν
830 2879 1073 2950 ἀναγνωσμάτων.

215 2963 249 3023 ιε’
267 2963 347 3033 ὅπως
364 2963 473 3037 εἴρηται
491 2965 526 3023 τά
545 2966 639 3023 πάντα
657 2964 889 3037 ἁτιοταγησεσδαι
907 2973 947 3039 τῷ
964 2963 1016 3038 υἱῷ
1033 2968 1082 3021 καί
1100 2963 1187 3023 αότόν
1205 2973 1245 3039 τῷ
1263 2968 1358 3030 πατρί.

213 3051 247 3118 ις’
265 3047 346 3119 ότιως
363 3048 473 3124 εἴρηται
491 3059 531 3126 τῷ
549 3049 703 3125 ἀποστόλῳ
721 3053 755 3108 τό
776 3051 855 3107 »τότε
874 3047 952 3106 ἔσται
970 3050 986 3105 δ
1003 3051 1073 3116 δεδς
1089 3050 1125 3108 τὰ
1143 3051 1237 3107 πάντα
1255 3049 1286 3107 ἐν
1303 3057 1414 3106 τιᾶσινι.
1435 3051 1487 3107 75¹

214 3134 250 3205 ιζ’
268 3131 347 3203 ὅπως
364 3133 395 3192 αἱ
413 3141 491 3192 θεῖαι
508 3139 617 3207 γραφαί
635 3136 670 3193 τά
693 3140 757 3207 περί
775 3143 825 3205 τῆς
845 3142 899 3192 τοῦ
921 3141 1049 3204 σωτῆρος
1066 3135 1146 3203 ημῶν
1164 3132 1350 3204 ἀτελευτήτου
1366 3136 1512 3207 βασιλείας

266 3227 455 3293 παριστῶσιν,
487 3224 536 3277 καί
562 3216 602 3286 ὼς
619 3219 790 3291 Μάρκελλος
815 3226 907 3292 γυμνῇ
934 3227 968 3290 τῇ
994 3222 1105 3288 κεφαλῇ
1130 3222 1331 3288 πραθήσεσθαι
1354 3218 1443 3275 αὐτοῦ
1460 3222 1510 3287 την

144 3311 179 3366 30
266 3307 413 3377 βασιλείαν
431 3301 616 3375 ἀπεφαίνετο.

212 3384 248 3460 ιη’
267 3383 348 3455 ὅπως
365 3387 396 3444 ἐν
413 3395 447 3457 τῆ
464 3392 593 3464 βασιλείᾳ
611 3396 665 3446 τοῦ
684 3388 746 3446 νίοῦ
763 3386 794 3445 ἓν
811 3392 978 3460 γενήσονται
995 3387 1100 3452 πάντες
1118 3384 1146 3442 οί
1162 3398 1211 3456 της
1224 3388 1287 3444 τότε
1299 3387 1511 3459 μακαριότητος

266 3472 440 3544 ἀξιούμενοι.

207 3555 246 3614 ιδ’
266 3553 312 3614 δἐι
333 3552 433 3629 ὥσπερ
453 3558 469 3613 ό
487 3562 580 3629 πατὴρ
598 3561 647 3616 καί
665 3557 681 3613 ὁ
699 3555 759 3623 υίὸς
776 3553 806 3612 ἐν
825 3551 898 3613 εἶναι
915 3558 1061 3629 λέγονται,
1090 3550 1166 3613 οὕτω
1193 3560 1242 3613 καί
1268 3555 1373 3622 πάντες
1394 3552 1510 3613 ἔσονται

265 3640 294 3697 οί
311 3636 395 3712 ἁγιολ

143 3736 177 3792 35
220 3720 247 3782 κ’
265 3721 311 3783 ὅτι
329 3723 369 3793 ὼς
387 3725 403 3782 ὁ
422 3730 515 3799 πατὴρ
534 3724 565 3784 ἐν
583 3734 622 3801 τῷ
641 3723 699 3800 υίῷ,
717 3727 767 3782 καί
785 3725 801 3781 ό
820 3723 879 3792 υίὸς
896 3723 927 3782 ἐν
945 3734 985 3800 τῷ
1002 3729 1101 3799 πατρί,
1129 3721 1204 3782 οὕτω
1226 3727 1276 3782 καί
1293 3722 1323 3781 ἐν
1341 3734 1400 3791 τοῖς
1418 3720 1511 3795 ἁγίοις

263 3806 371 3868 ἅπασιν
390 3806 477 3867 ἐσται.

194 3893 240 3952 κα’
265 3886 344 3962 ὅπως
359 3899 414 3967 χρὴ
433 3905 511 3952 νοεῖν
529 3896 562 3951 τό
582 3894 613 3949 »ό
632 3890 767 3967 ἑωρακὼς
784 3891 835 3963 ἐμὲ
854 3892 983 3967 ίάνρακεν
999 3898 1050 3952 τὸν
1068 3895 1203 3965 πατέραι.
1235 3897 1240 3963 Ι
1529 3892 1586 3951 148

279 4084 298 4151 1
319 4073 351 4147 ‘0
373 4083 435 4166 μὲν
450 4068 512 4148 οὖν
534 4081 634 4164 μέγας
654 4071 889 4164 εόαγγελιστὴς
902 4072 1059 4166 Ἰωάννης
1082 4074 1146 4164 τὴν
1162 4082 1226 4147 τοῦ
1241 4080 1396 4163 σωτῆρος
1410 4071 1508 4163 ἡμῶν
1543 4071 1597 4141 τὼς
1620 4079 1690 4162 δαν·ί

194 4184 379 4266 θεολογίαν
410 4174 475 4246 τὸν
506 4172 728 4247 άποδοδίντα
758 4172 891 4261 τρόπον
922 4172 1096 4263 διαφόρως
1126 4171 1369 4264 εὐηγγελίζετο·
1413 4144 1694 4283 Μάρῗῦἕέξεῗῖοἵ

58 4308 62 4313 .
142 4292 177 4346 40
194 4289 318 4359 κελλος
348 4270 378 4345 (γ’
410 4268 504 4357 ὅπως
535 4271 665 4362 ταύτην
696 4268 924 4362 ἀρνησάμενος
955 4277 1010 4345 ἐπὶ
1036 4273 1103 4363 τὴν
1123 4271 1306 4362 Ἰουδαϊκόν
1331 4274 1508 4360 ἐξώκειλεν
1525 4279 1694 4419 ῖιὲὲφὲςείὶῖς

284 4481 298 4535 1
319 4474 351 4532 τε
370 4496 420 4534 vor
438 4479 464 4534 z.
477 4480 512 4533 οε
530 4478 559 4532 in
577 4477 602 4532 v
627 4480 630 4545 ι
655 4478 747 4535 ε-οτ
769 4479 812 4532 ιιι
831 4477 942 4548 Kapitel
962 4496 992 4533 ιο
1010 4479 1039 4532 in
1056 4498 1092 4543 m,
1111 4477 1178 4532 inv
1197 4479 1272 4534 steht
1288 4477 1398 4534 beiden
1416 4481 1508 4533 ersten
1542 4436 1676 4552 ίξίὰᾗῖἷῗῖ

197 4581 297 4636 beiden
314 4579 576 4639 keinZahlzeichen.
595 4579 640 4633 bei
657 4579 683 4633 Z.
702 4582 719 4635 ό
736 4573 762 4651 β
779 4597 845 4633 σεεν.
861 4580 866 4644 Ι
884 4579 921 4634 18
939 4580 1044 4646 τηνείτ.
1055 4580 1100 4645 V2,
1120 4579 1192 4635 doeh
1209 4578 1266 4648 vgl.
1278 4580 1303 4633 S.
1314 4578 1427 4647 105,3R
1448 4584 1450 4647 j
1467 4582 1505 4636 27

194 4682 227 4737 τό
240 4684 278 4735 Ὦ
286 4700 317 4738 τε
326 4682 411 4741 V*<
422 4679 560 4743 8.1’ί4,9ίλ
576 4683 580 4747 Ι
596 4679 632 4736 ἀί
645 4680 754 4735 hierauf
768 4679 798 4733 in
808 4680 844 4733 V:
862 4677 1003 4748 κεφάλαια
1013 4688 1065 4737 τοῦ
1082 4687 1098 4735 ι’
1116 4681 1206 4751 λόγου
1221 4681 1288 4749 (sic).
1304 4683 1309 4749 Ι
1324 4680 1507 4738 38-4411111
