3728 5508
279 2053 312 2107 15

279 3049 313 3103 25

277 3543 311 3597 30

914 478 1047 535 Eusebius

396 636 580 728 ἀνδριάντα
599 645 725 715 πλάσαι
740 639 954 732 βουλόμενος,
977 650 1196 734 πρῶτονμὲν
1211 644 1292 728 τοῦς
1313 642 1442 727 τύπους
1464 641 1572 716 αύτοῦ
1586 651 1644 716 καὶ
1733 656 1740 665 ’
1778 648 1784 656 ’

394 748 607 831 χαρακτῆρας
628 746 665 814 ἐν
686 745 797 832 ἑαυτῷ
821 761 954 826 σκοπεῖ,
985 747 1103 816 ἔπειτα
1129 742 1260 827 πλάτος
1287 772 1325 816 τε
1351 751 1408 814 καὶ
1429 751 1536 833 μῆκος
1558 738 1643 817 όσον

396 837 558 930 εύπρεπὲς
586 844 709 927 ἐννοεῖ,
741 838 928 931 ἀναλογίαν
954 873 991 916 τε
1017 851 1081 915 τοῦ
1107 844 1239 928 παντὸς
1260 848 1298 916 ἐν
1320 851 1372 933 τῷ
1394 840 1474 915 καθ’
1498 844 1643 916 ἕκαστον

395 938 540 1028 ἐξετάζει
561 947 662 1032 με’ρει,
683 949 813 1029 χαλκοῦ
835 970 871 1013 τε
894 941 959 1033 τὴν
980 940 1181 1032 πρόσφορον
1202 941 1380 1032 ἑτοιμάσας
1394 936 1482 1033 ῦλην
1502 952 1558 1015 καὶ
1578 944 1643 1017 τόν

395 1037 555 1129 ἐσόμενον
581 1036 769 1128 ἀνδριάντα
795 1050 837 1131 τῇ
866 1042 988 1114 ἑαυτοῦ
1013 1043 1243 1132 προτυπώσας
1273 1050 1406 1135 διανοίᾳ
1427 1051 1483 1114 καὶ
1507 1051 1644 1133 νοητιῦς

395 1135 480 1229 ῦρᾶν
495 1148 634 1230 νομίσας
651 1142 812 1225 συνειδώς
827 1169 866 1212 τε
881 1143 991 1230 ἑαυτοῦ
1008 1162 1179 1232 συνεργεῖν
1196 1142 1261 1214 τὸν
1282 1139 1397 1232 λόγον,
1420 1135 1449 1233 ᾧ
1473 1151 1644 1231 λογίζεται

393 1247 449 1310 καὶ
480 1231 509 1329 ᾧ
540 1238 655 1313 πάντα
684 1239 850 1331 πράττειν
880 1245 1005 1312 είωθεν
1034 1238 1146 1327 (οῦδὲν
1174 1242 1235 1333 γάρ
1257 1241 1301 1333 μὴ
1324 1239 1416 1332 λόγῳ
1440 1239 1644 1332 γιγνόμενον

394 1334 527 1424 καλόν),
554 1338 739 1431 άρχόμενος
761 1347 822 1429 τῆς
845 1346 1010 1429 αἰσθητῆς
1033 1340 1159 1431 ταύτης
1181 1347 1334 1431 ἐργασίας
1354 1340 1441 1432 πρὸς
1464 1339 1572 1414 αῦτόν
1594 1341 1643 1426 οῦς

393 1434 480 1528 πρός
503 1439 620 1527 ἕτερον
642 1439 907 1526 παρακελεύεται
922 1446 1044 1528 λέγων·
1073 1440 1131 1531 άγε
1147 1438 1351 1530 ποιήσωμεν,
1375 1442 1432 1530 άγε
1454 1440 1644 1533 πλάσωμεν

393 1532 592 1626 ἀνδριάντα·
635 1535 748 1621 ούτως
778 1535 797 1609 ό
829 1547 901 1611 τῶν
923 1534 1016 1611 ὅλων
1037 1539 1203 1629 δεσπότης
1230 1539 1312 1623 θεὸς
1342 1539 1405 1612 τόν
1431 1543 1584 1630 ἔμψυχον
1605 1548 1644 1615 ἐκ

392 1642 451 1725 γης
473 1633 660 1726 άνδριάντα
681 1646 793 1710 ποιοῦν
816 1636 878 1709 οῦκ
900 1639 997 1728 ἄλλῳ
1020 1647 1087 1710 τινὶ
1109 1636 1197 1712 άλλά
1220 1647 1271 1729 τῷ
1286 1640 1410 1711 ἑαυτοῦ
1425 1637 1518 1729 λόγῳ
1533 1669 1643 1729 παρα·

393 1735 564 1809 κελεύεται
581 1743 702 1827 λέγων·
728 1735 943 1827 »ποιήσωμεν
959 1739 1180 1826 άνθρωπονι,
1196 1735 1238 1808 ού
1247 1735 1427 1811 τόναῦτόν
1441 1759 1514 1822 τοῖς
1524 1739 1643 1824 ἄλλοις

394 1833 540 1923 τρόπον·
577 1834 668 1928 λόγῳ
690 1837 754 1928 γάρ
778 1834 798 1927 ἡ
818 1845 909 1910 πάσα
932 1843 1064 1927 ἐγένετο
1087 1846 1204 1921 κτίσις.

331 1942 385 2005 καὶ
411 1933 547 2018 τούτοις
567 1934 644 2027 μεθ’
668 1938 763 2026 ἕτερα
786 1941 930 2027 ἐπιλέγει
1662 1962 1698 2016 39

394 2039 551 2122 (Nr.108)
575 2043 649 2107 νυνὶ
671 2041 707 2105 δὲ
729 2036 878 2108 πιστεύω
902 2058 975 2121 ταῖς
998 2044 1105 2120 θείαις
1127 2055 1285 2126 γραφαῖς,
1308 2030 1364 2109 ότι
1387 2037 1433 2120 εἷς
1455 2034 1546 2120 θεός.
1585 2046 1643 2109 καὶ

394 2131 412 2204 ὁ
435 2135 563 2208 τούτου
585 2133 685 2225 λόγος
706 2135 812 2222 [θεός]
833 2142 1013 2225 προῆλθεν
1033 2145 1095 2223 μὲν
1116 2142 1180 2208 τοῦ
1199 2134 1339 2224 πατρός,
1363 2140 1418 2207 ἵνα
1442 2134 1576 2209 »πάντα
1599 2134 1642 2208 δι’

393 2231 517 2306 αύταῦι
542 2242 690 2325 γένηται·
727 2235 811 2325 μετὰ
834 2242 869 2307 δέ
892 2236 955 2308 τόν
976 2235 1096 2324 καιρόν
1117 2243 1179 2325 τῆς
1208 2244 1352 2325 κρίσεως
1381 2243 1437 2306 καὶ
1469 2238 1535 2326 τὴν
1566 2243 1644 2308 τῶν

393 2330 563 2405 ἁπάντων
584 2334 772 2423 διόρθωσιν
792 2342 848 2407 καὶ
870 2334 934 2405 τόν
954 2332 1146 2423 ἀφανισμόν
1168 2341 1230 2423 τῆς
1257 2332 1489 2424 άντικειμένης
1510 2331 1644 2423 άπάσης

393 2439 571 2523 ἐνεργείας,
605 2431 705 2506 »τότε
735 2432 838 2516 αύτός
867 2432 1117 2524 ύποταγήσεται
1148 2442 1200 2525 τῷ
1230 2431 1445 2521 ῦποτάξαντι
1473 2432 1569 2525 αύτῷ
1598 2433 1643 2507 τά

392 2530 524 2604 πάντα(
552 2541 642 2623 »θεῷ
664 2540 719 2605 καὶ
742 2542 877 2622 πατρία,
900 2531 941 2604 ἵν’
957 2528 1069 2615 οῦτως
1083 2527 1104 2621 ᾖ
1119 2539 1158 2604 ἐν
1179 2541 1253 2625 θεῷ
1276 2531 1294 2604 ὁ
1318 2531 1428 2622 λόγος,
1454 2532 1569 2622 ὥσπερ
1584 2543 1643 2606 καὶ

393 2629 566 2721 πρότερον
587 2624 632 2721 ἦν
645 2633 713 2721 πρὸ
729 2639 793 2704 τοῦ
809 2631 871 2704 τόν
885 2632 1014 2722 κόσμον
1035 2635 1131 2705 εἶναι.
1168 2630 1306 2715 σύδενός
1322 2634 1384 2724 γὰρ
1400 2627 1503 2717 ὄντος
1517 2633 1642 2722 πρότε·

392 2760 456 2818 ρον
471 2728 493 2821 ἢ
508 2739 594 2804 θεοῦ
609 2730 725 2820 μόνου,
748 2730 893 2804 πάντων
908 2740 944 2806 δε
959 2733 1013 2806 διά
1028 2738 1092 2804 τοῦ
1107 2729 1213 2821 λόγου
1234 2740 1409 2822 γίγνεσθαι
1423 2730 1642 2823 μελλόντων,

393 2837 571 2922 προῆλθεν
585 2827 604 2902 ὁ
621 2828 722 2919 λόγος
736 2837 896 2921 δραστικῄ
911 2837 1068 2924 ἐνεργείᾳ,
1084 2827 1102 2904 ὁ
1120 2831 1223 2920 λόγος
1236 2825 1339 2914 οὗτος
1353 2838 1417 2904 τοῦ
1432 2832 1563 2920 πατρὸς
1580 2831 1642 2906 ιῦν.

330 2938 386 3003 καί
407 2930 513 3004 πάλιν
535 2930 601 3020 τὴν
623 2927 731 3021 αὐτὴν
754 2928 908 3003 διάνοιαν
930 2929 1134 3023 λευκότερον
1154 2941 1271 3021 τίθησι
1294 2936 1406 3020 λέγων
1660 2952 1697 3005 40

393 3035 461 3117 (Nr.
477 3038 530 3116 54)
553 3030 621 3118 πρὸ
643 3030 706 3120 γάρ
729 3037 793 3101 τοῦ
815 3030 879 3102 τὸν
900 3027 1028 3119 κόσμον
1049 3035 1134 3103 εἶναι
1157 3024 1200 3121 ἦν
1222 3026 1241 3101 ό
1269 3027 1370 3118 λόγος
1392 3032 1430 3100 ἐν
1453 3038 1504 3121 τῷ
1526 3042 1642 3119 πατρί.

393 3126 451 3201 ότε
473 3136 509 3200 δὲ
531 3125 550 3201 ῦ
572 3126 824 3217 παντοκράτωρ
847 3130 928 3214 θεὸς
958 3130 1074 3203 πάντα
1104 3131 1147 3202 τά
1177 3135 1216 3202 ἐν
1245 3127 1403 3215 ούραναῖς
1425 3137 1481 3201 καί
1504 3135 1559 3201 ἐπὶ
1581 3137 1643 3221 γῆς

392 3224 567 3319 προύθετο
590 3237 736 3320 ποιῆσαι,
759 3233 925 3319 ἐνεργείας
947 3227 967 3319 ἦ
989 3237 1052 3301 τοῦ
1073 3227 1202 3319 κόσμου
1215 3235 1270 3303 43’
1286 3235 1412 3319 γένεσις
1431 3233 1541 3302 ἐδεῖτο
1565 3238 1643 3319 δρα·

391 3336 518 3418 οτικῆς·
545 3337 602 3402 καὶ
617 3328 671 3399 διά
685 3335 801 3411 τοῦτο,
816 3330 960 3419 μηδενός
976 3322 1078 3412 ὄντος
1093 3330 1211 3419 ἑτέρου
1225 3328 1317 3419 πλὴν
1332 3335 1397 3400 τοῦ
1411 3336 1499 3401 θεοῦ
1513 3327 1643 3415 (πάντα

392 3429 455 3519 γάρ
477 3424 694 3517 ὁμολογεῖται
715 3424 772 3499 ὑπ’
796 3426 902 3500 αύτοῦ
924 3435 1150 3519 γεγενῆσθαι),
1182 3425 1262 3500 τότε
1284 3423 1303 3497 ό
1325 3425 1430 3516 λόγος
1453 3431 1642 3516 προελθών

391 3533 519 3615 ἐγίνετο
543 3533 606 3598 τοῦ
626 3525 753 3615 κόσμου
776 3526 930 3619 ποιητής,
961 3524 980 3600 ό
1002 3536 1057 3599 καὶ
1078 3525 1250 3615 πρότερον
1271 3529 1372 3597 ἔνδον
1396 3536 1531 3617 νοητῶς
1554 3529 1642 3599 ἓτοι·
1660 3550 1694 3602 41

390 3625 508 3716 μάζων
530 3622 668 3709 αύτῦν.Ι
1662 3641 1702 3698 42

330 3734 384 3799 καὶ
408 3718 508 3809 αὖθις
529 3725 614 3815 μετὰ
635 3721 752 3797 πάντα
773 3729 924 3814 ἐπιφέρει
946 3733 1058 3816 λέγων

378 3830 461 3912 ,(Ντ.
476 3833 527 3911 34)
550 3832 606 3895 καί
628 3824 682 3895 διὰ
705 3831 809 3895 τοῦτο
832 3823 892 3914 ούχ
914 3824 989 3896 υἱὸν
1003 3832 1087 3897 θεοῦ
1102 3824 1226 3895 ἑαυτὸν
1245 3819 1413 3913 ὀνομάζει,
1436 3821 1542 3913 άλλ<ά
1557 3854 1643 3897 παν·

392 3931 497 4014 ταχοῦ
519 3923 595 4005 υίόν
616 3920 807 4012 άνθραίπου
829 3925 951 3998 ἑαυτόν
972 3930 1084 4013 λέγω)
1108 3928 1162 3995 ἵνα
1178 3923 1233 3995 διά
1249 3930 1310 4014 τῆς
1332 3921 1495 4013 τοιαύτης
1517 3920 1643 4012 ὁμολο-

414 4099 451 4153 16
468 4095 529 4150 Joh.
549 4097 572 4162 1,
591 4096 607 4149 3
626 4123 658 4133 -
687 4096 724 4149 λθ
743 4095 756 4146 Ι
775 4093 838 4148 Kor.
859 4096 898 4156 15,
911 4092 945 4148 '28
963 4123 994 4133 -
1013 4092 1054 4148 24
1073 4092 1126 4162 vgl.
1145 4094 1179 4148 de
1197 4093 1262 4148 ουαΙ
1282 4094 1322 4148 th.
1341 4094 1375 4160 ΙΙ,
1393 4097 1418 4160 8,
1436 4096 1504 4149 4-
1523 4097 1563 4153 82
1584 4095 1642 4167 vgl.

327 4200 361 4253 do
380 4198 446 4252 ευοΙ.
464 4198 503 4250 th.
522 4197 556 4262 ΙΙ,
574 4197 599 4260 8,
617 4199 634 4249 5

411 4347 433 4403 4
459 4344 622 4413 ἐξετάζειῖ
649 4344 712 4401 and.
739 4344 777 4397 Sss.
804 4342 944 4412 ἐξετάζειν
970 4345 995 4397 V
1030 4344 1034 4411 Ι
1069 4344 1089 4402 8
1115 4342 1202 4401 αὐτὸν
1229 4346 1253 4400 V
1280 4341 1384 4402 ἑαυτὸν
1411 4346 1475 4402 and.
1502 4348 1540 4401 st
1568 4348 1573 4415 Ι
1602 4347 1641 4403 18

325 4452 414 4515 κτίσις
441 4468 457 4497 τε
475 4468 493 4497 τι
510 4468 525 4496 α
552 4466 566 4501 ι·
590 4449 595 4514 Ι
624 4446 661 4500 16
685 4442 756 4509 θεὸς
773 4453 806 4503 <
824 4445 887 4499 and.
905 4445 943 4499 S&
969 4446 974 4512 Ι
1001 4447 1039 4501 22
1067 4442 1095 4513 ἢ]
1122 4451 1155 4508 Ἰ-
1180 4454 1231 4502 τοῦ
1254 4447 1317 4500 and.
1336 4445 1379 4501 St.
1405 4449 1409 4515 Ι
1438 4447 1477 4504 23
1510 4444 1527 4503 ὃ
1553 4447 1643 4517 λόγος

327 4543 419 4618 οὗτος]
437 4548 523 4618 λόγος
541 4548 604 4602 and.
623 4548 660 4601 st.
676 4549 681 4616 Ι
697 4546 735 4601 26
752 4544 812 4615 καί]
825 4543 904 4610 -Ι-τὰ
921 4546 984 4600 and.
999 4547 1037 4602 St.
1056 4548 1061 4615 Ι
1080 4546 1119 4604 θ8
1137 4553 1190 4602 τοῦ
1201 4559 1233 4605 <
1250 4547 1363 4603 ουδθί.
1383 4548 1387 4615 Ι
1408 4547 1448 4604 80
1467 4543 1582 4616 ἐγένετο
1601 4567 1616 4605 r
1636 4554 1638 4617 Ι

327 4648 487 4717 ἑτοιμάζων
505 4649 568 4703 and.
587 4648 624 4701 St.
645 4646 797 4714 ὀνομάζων
819 4648 844 4699 V
857 4646 911 4715 vgl.
924 4647 948 4698 S.
957 4649 999 4711 40,
1009 4649 1041 4702 27
1068 4650 1072 4715 Ι
1101 4648 1160 4703 θῦῐ
1175 4644 1376 4720 ἀλλά-λέγει
1392 4647 1458 4706 and.
1476 4649 1516 4705 St„
1534 4645 1598 4707 ἀλλ’
1615 4651 1642 4705 V
