3698 5510
353 468 411 527 110
940 456 1073 512 Eusebius

351 617 541 711 στησόμενά
562 649 601 691 τε
622 628 678 691 καί
701 617 912 709 άκουσόμενα
930 625 1045 691 »δεῦτε
1067 623 1101 691 οί
1114 616 1335 711 εὐλογημένοι
1357 627 1422 693 τοῦ
1436 617 1566 709 πατρός
1580 650 1648 711 μου,

349 717 628 811 κληρονομήσατε
659 720 723 809 τήν
759 716 1008 809 ἡτοιμασμένην
1042 716 1121 810 ῦμίν
1155 728 1327 806 βασιλείαν
1362 717 1431 792 άπὸ
1466 728 1649 811 καταβολῆς

349 818 506 911 κόσμουι.
549 817 729 892 τοσούτων
750 827 869 891 τοίνυν
890 823 1062 908 ἐσομένων
1082 826 1137 890 καί
1160 815 1339 892 ἀθάνατον
1354 820 1448 910 ζωήν
1463 826 1649 909 ζησομένων
1665 842 1695 896 10

349 920 434 1009 μετὰ
456 919 519 992 τόν
541 926 603 1009 τῆς
624 927 766 1007 κρίσεως
788 915 915 1008 καιρόν,
939 917 993 990 διὰ
1016 927 1050 990 τί
1070 917 1115 1009 μῆ
1137 917 1306 1008 ἐνεργήσει
1328 914 1346 990 6
1370 924 1434 990 τοῦ
1455 925 1540 989 θεοῦ
1553 917 1649 1009 λόγος

314 1026 404 1090 σκαί
427 1015 523 1104 τότε;
553 1017 665 1092 πόθεν
695 1024 731 1090 δὲ
762 1024 953 1108 Μαρκέλλῳ
984 1023 1136 1108 παρέστη
1168 1014 1427 1107 ἀποφήνασθαι,
1459 1013 1514 1090 ότι
1542 1015 1650 1090 οόκίτι

349 1116 485 1208 λαλήσει
515 1138 589 1200 τοῖς
619 1114 726 1208 άγίοις
748 1113 767 1189 6
790 1117 872 1201 θεός
902 1114 984 1189 τότε
1014 1113 1092 1190 οῦδὲ
1121 1114 1280 1206 χρήσεται
1309 1122 1436 1209 ἐνεργῷ
1469 1125 1521 1209 τῷ
1551 1114 1651 1190 αῦτοῦ

349 1217 452 1307 λόγῳ,
476 1213 551 1290 ἀλλ’
575 1221 677 1303 ἔσται,
700 1214 749 1300 ώς
770 1226 826 1290 καί
841 1214 1013 1307 πρότερον
1035 1209 1088 1307 ήν,
1111 1222 1148 1289 ἐν
1170 1213 1265 1309 αῦτῷ
1288 1225 1433 1290 σιωπῶν
1454 1216 1580 1309 δηλαδή
1599 1225 1650 1289 καί

349 1314 540 1407 ήσυχάζων,·
567 1325 673 1390 τοῦτο
701 1316 764 1407 γάρ
787 1325 934 1407 παρίστη
960 1313 1127 1398 πολλάκις
1154 1317 1263 1387 εἰπών
1289 1313 1370 1388 τότε
1393 1320 1528 1389 ἔσεσθαι
1549 1315 1650 1390 αὐτόν

348 1415 396 1499 ῶς
418 1413 666 1505 καὶπρότερον
695 1409 750 1507 ῆν·
786 1408 829 1506 ήν
855 1422 890 1488 δὲ
917 1412 1103 1505 πρότερον,
1141 1412 1190 1498 ῶς
1220 1412 1323 1499 αῦτός
1354 1420 1433 1507 ἔφη,
1464 1421 1503 1489 ἐν
1532 1413 1650 1510 ήσυγίᾳ.

296 1536 330 1590 10
348 1514 474 1590 οῦκοῦν
494 1514 726 1606 άποσιωπήσει
749 1513 829 1588 τότε
852 1511 871 1587 ό
894 1511 989 1599 θεός,
1020 1513 1087 1600 πρό
1119 1512 1248 1586 τοῦτου
1275 1522 1338 1605 μὲν
1368 1522 1488 1589 λαλῶν
1517 1524 1572 1588 καί
1601 1525 1649 1606 τῷ
1666 1537 1693 1589 11

348 1614 440 1706 λόγῳ
463 1616 635 1706 χρώμενος
657 1620 796 1707 ἐνεργῷ,
820 1612 901 1687 τότε
924 1621 960 1687 δὲ
982 1609 1056 1684 κατ’
1079 1610 1188 1703 αῦτήν
1210 1614 1276 1705 τήν
1297 1619 1546 1707 ἐπηγγελμένην
1567 1626 1650 1701 βασι-

347 1725 440 1788 λείαν
461 1713 620 1805 οὐρανῶν
643 1723 705 1788 τοῦ
727 1722 854 1788 οίκείου
874 1711 978 1804 λόγου
997 1719 1054 1784 καί
1077 1719 1138 1803 τῆς
1159 1718 1197 1784 ἐν
1224 1711 1318 1806 αὐτῷ
1342 1721 1398 1788 66³
1419 1722 1543 1802 σοφίας
1571 1710 1650 1786 άπο-

346 1824 479 1904 στερῶν
502 1817 583 1900 τούς
604 1813 720 1906 άγίους
741 1813 855 1887 αὐτοῦ.
892 1809 974 1907 ὁρᾷς
995 1818 1042 1897 είς
1065 1811 1141 1886 οἶον
1162 1813 1355 1904 κεχώρηκεν
1369 1813 1524 1905 κρημνὸν
1537 1819 1649 1905 μηδενὶ

344 1924 541 2008 χειραγωγῶ
564 1914 779 2007 χρησάμενος,
801 1920 883 2003 μηδὲ
906 1932 980 1997 ταῖς
1001 1918 1109 1993 θείαις
1131 1932 1288 2002 γραφαῖς·
1311 1920 1420 1985 ταῦτα
1434 1921 1519 2004 γοῦν
1539 1912 1649 1987 πάντα

296 2035 328 2087 15
346 2012 414 2087 άπδ
438 2022 514 2103 μιᾶς
538 2022 670 2104 φωνῆς,
701 2012 744 2104 ῆν
766 2014 811 2104 μή
834 2010 1006 2103 νενόηκεν,
1039 2013 1149 2102 ἑαυτῷ
1174 2018 1370 2101 συνέθηκεν.
1414 2010 1537 2085 αῦτίκα
1558 2013 1648 2104 (γάρ)
1665 2030 1694 2084 12

344 2111 501 2204 χωρήσας
523 2118 578 2185 ἐπί
601 2112 662 2198 τάς
684 2109 872 2198 ἀποδείξεις
902 2120 964 2202 τῆς
995 2118 1070 2194 νέας
1091 2119 1148 2183 καί
1168 2118 1288 2201 καινῆς
1315 2110 1495 2204 διαθήκης,
1527 2142 1649 2186 παντα·

344 2210 452 2336 γῆθεν
472 2221 534 2304 μὲν
555 2209 721 2304 ήλαῦνετο
749 2210 1076 2301 στενοχωροῦμενος,
1108 2219 1188 2300 μίαν
1219 2217 1255 2282 δὲ
1284 2208 1396 2302 μόνην
1425 2210 1539 2303 εδρών
1565 2220 1650 2300 λέξιν

345 2321 388 2402 τῆ
411 2310 525 2432 αὐτοῦ
547 2319 824 2434 συμβαλλομένην
843 2317 1039 2401 κακοδοξίᾳ,
1072 2307 1185 2400 ῶσπερ
1213 2317 1280 2382 τινὶ
1306 2313 1502 2400 περιτυχών
1528 2314 1542 2383 ἑ
1544 2320 1648 2434 ρμαίῳ
1667 2328 1717 2384 116

346 2409 453 2500 ταάτη
474 2408 562 2502 μόνη
585 2409 792 2500 συνεπλάκη,
821 2406 957 2483 οὐδ’
916 2417 1002 2532 αυτῆ
1023 2415 1060 2482 ἐκ
1082 2408 1271 2498 προσώπου
1293 2416 1356 2481 τοῦ
1378 2416 1535 2500 σωτῆρος
1556 2408 1650 2501 ήμῶν
1825 2474 1826 2525 1

293 2516 513 2635 2οείρημένη.
521 2507 596 2584 ἄλλ’
619 2516 656 2583 ἐκ
671 2511 860 2600 προσώπου
875 2539 939 2581 του
923 2505 1198 2598 εδαγγελιστοῦ,
1222 2505 1302 2579 δι’“
1285 2502 1324 2599 ῆς
1339 2507 1447 2631 αῦτῆν
1463 2507 1648 2599 ώνόμασεν,
1825 2530 1826 2625 χ

347 2606 449 2681 ν’ἐν
428 2619 513 2701 αρχῇ
536 2604 620 2702 ῆνδ
652 2607 771 2700 λόγος(
805 2610 914 2680 εἰπών
947 2604 1061 2679 »καίζ
1042 2639 1061 2679 ο
1084 2605 1185 2697 λόγος
1207 2600 1251 2697 ήν
1272 2606 1358 2697 πρὸς
1381 2608 1446 2681 τὸν
1467 2607 1567 2695 θεόν,
1596 2618 1649 2682 καί

343 2710 425 2793 θεὸς
447 2703 490 2799 ῆν
512 2706 531 2783 ό
554 2709 685 2801 λόγοςι.
727 2714 829 2782 ἔνθεν
859 2716 942 2799 γοῦν
973 2704 1133 2798 ὁρμηθείς
1164 2706 1213 2790 ώς
1238 2702 1393 2799 μηδὲν”
1373 2737 1459 2781 οντα
1492 2705 1648 2799 ἐτερονῆ

342 2806 446 2899 λόγον
468 2804 588 2900 όμοιον
610 2818 661 2901 τῷ
684 2837 754 2899 παρ
787 2806 865 2899 ῆμιν
886 2814 1089 2898 ἐγνωσμένην
1112 2806 1177 2881 τόν
1199 2804 1315 2879 υίὸν’
1296 2806 1479 2899 ηρνήσατο.

425 2916 466 2983 10
486 2918 543 2980 καί
545 2938 598 2983 τοι
620 2906 662 2981 οῦ
683 2907 789 2998 λόγον
803 2906 921 3039 μόνον
940 2903 1043 2990 αὐτὸς
1065 2903 1084 2979 ό
1105 2913 1206 2997 μέγας
1227 2916 1284 2980 καί
1299 2919 1393 2992 θεῖος
1414 2905 1647 3000 εῦαγγελιστῆς
1663 2909 1703 2970 ὅτι
1716 2908 1796 2992 είίγ
1825 2920 1826 2971 ί

290 3027 323 3081 2ο
341 3016 512 3099 κέκληκεν,
535 3006 584 3092 ῶς
604 3007 771 3092 πολλάκις
793 3005 871 3099 ἡμῖν
892 3013 1030 3097 ειρηται,
1053 3003 1140 3079 άλλδι
1161 3016 1218 3079 καί
1239 3007 1324 3079 θεόν
1343 3017 1400 3079 καί
1415 3015 1562 3095 φῶςκαί
1576 3006 1647 3079 υίδν
1678 2976 1826 3103 θυήήδῆ,1
1825 3016 1826 3021 ’

339 3117 395 3178 καί
426 3115 604 3235 μονογενῆ
641 3105 749 3181 αῦτόν
775 3138 813 3180 τε
841 3107 903 3180 τόν
919 3112 1070 3227 ’σωτῆρα
1096 3109 1262 3195 ίστορεῐ
1250 3105 1374 3178 εαυτδν
1405 3104 1645 3180 ἀποκαλοῦντα
1612 3046 1771 3246 6666
1746 3110 1826 3182 61³
1825 3086 1826 3131 ¹

340 3203 445 3296 λόγον
467 3215 528 3297 μὲν
549 3205 699 3299 οὐδαμοῦ
730 3216 791 3299 τῆς
823 3212 967 3296 γραφῆς,
999 3203 1046 3275 δι’
1077 3199 1163 3278 όλου
1189 3212 1224 3277 δὲ
1251 3213 1314 3278 τοῦ
1341 3201 1575 3296 εδογγελίουζ
1576 3206 1647 3297 ωῆν
1687 3188 1776 3253 ²⁰⁷⁰

338 3315 394 3379 καί
417 3314 493 3394 φῶς
519 3315 570 3379 κοί
597 3314 767 3430 μονογενῆ
789 3314 844 3378 καί
871 3304 947 3378 υίὸν
978 3311 1063 3377 θεοῦ
1091 3312 1147 3375 καὶ
1179 3301 1346 3395 ἀλήθειαν
1377 3311 1433 3376 καὶ
1464 3303 1645 3378 ἀνάστασιν
1825 3336 1826 3359 1

340 3406 438 3477 καί
418 3435 526 3494 αρτον
549 3414 638 3496 ζωῆς
659 3412 714 3477 καί
746 3406 899 3496 ἄμπελον
929 3410 984 3476 καί
1005 3410 1152 3493 ποιμένα
1172 3412 1228 3475 καὶ
1254 3412 1356 3495 μυρία
1387 3402 1562 3494 ἐτερα,ο
1532 3430 1644 3492 ωσπερ

287 3520 322 3575 30
340 3499 401 3578 οῦν
428 3504 491 3596 ήδη
519 3511 762 3596 προδέδεικται.
806 3514 840 3576 τί
870 3499 990 3595 δήποτ’
1023 3496 1098 3589 οὖν,
1131 3503 1311 3577 τοσούτων
1342 3499 1471 3591 όντων,
1504 3510 1558 3578 ἐπί
1587 3512 1645 3594 μὲν
1675 3516 1691 3571 2

342 3614 415 3677 τῶν
437 3613 570 3679 λοιπῶν
592 3602 759 3678 ἁπάντων
781 3601 842 3693 οῦχ
864 3606 997 3676 ἵσταται
1021 3607 1076 3675 ἐπὶ
1098 3609 1160 3693 τῆς
1183 3610 1306 3690 λέξεως
1327 3603 1393 3695 τήν
1415 3612 1451 3677 δὲ
1467 3613 1542 3677 τῶν
1556 3615 1644 3694 λεγο-

338 3713 453 3795 μένων
480 3704 635 3778 διάνοιαν
660 3715 949 3793 πολυπραγμονεῖ,
980 3707 1033 3774 ἐπὶ
1064 3708 1099 3774 δὲ
1128 3700 1238 3793 μόνου
1265 3703 1456 3793 τοῦλόγου
1476 3713 1645 3795 κυριολεκ-

339 3815 470 3885 τείσθαι
493 3801 601 3876 αῦτόν
623 3828 727 3894 φησιν
749 3801 797 3886 ῶς
819 3800 918 3876 οῦδέν
940 3795 1025 3873 ὄντα
1048 3802 1165 3889 ἕτερον
1187 3798 1209 3893 6
1232 3800 1344 3891 λόγου.
1385 3802 1507 3894 γράφει
1530 3799 1563 3874 δ’
1586 3795 1644 3875 οῦν

337 3900 454 3985 αῦτοῑς
476 3901 618 3993 ῥήμασιν
640 3909 751 3991 λέγων

287 4016 320 4071 35
400 4008 469 4087 (Nr.
491 4010 543 4091 40)
570 3999 612 4075 06
637 4007 968 4092 καταχρηστικῶς
990 3996 1234 4089 ὀνομασθείς
1257 4000 1390 4091 λόγος,
1421 4001 1488 4075 κάν
1511 4010 1643 4091 διαρρα-

424 4225 440 4279 l
462 4223 561 4278 Matth.
582 4223 1001 4294 25‚34—7ffvg1.Nr.108
1017 4252 1051 4261 -
1075 4223 1271 4288 21J0h.1,1
1299 4254 1332 4263 -
1359 4223 1398 4279 22
1417 4226 1474 4295 vgl.
1492 4224 1540 4279 Nr.
1557 4225 1642 4279 4364

337 4325 1070 4394 αλλ-25111011.1,1-θθνςλ.8.96,2611

425 4526 439 4581 7
461 4521 538 4579 αὐτῶ
557 4530 671 4580 σιωπῶν
690 4525 728 4577 V²
752 4530 793 4579 τῶ
811 4521 887 4579 αδτῦν
906 4530 1004 4579 σιωπῶ
1023 4524 1063 4579 V*
1095 4525 1100 4592 Ι
1135 4525 1168 4580 11
1189 4527 1240 4595 τήν
1259 4526 1297 4580 V¹
1314 4544 1338 4580 ε.
1357 4527 1388 4580 R.
1413 4528 1417 4594 Ι
1452 4526 1489 4583 14
1506 4524 1639 4598 γραφαῖς]

341 4626 368 4690 †
390 4623 561 4689 πιστεῦσαςί
588 4625 640 4678 We
666 4627 670 4693 Ι
696 4625 733 4680 16
752 4623 808 4697 γάρ
826 4623 862 4678 Κ1
