3674 5506
284 467 342 527 154
872 458 1005 514 Eusebius

283 627 510 747 συναγένητος
532 614 584 691 ῶν
605 629 657 712 τῶ
681 629 753 712 θεῷ
777 623 813 693 ἐν
834 651 870 694 τε
892 630 948 693 καὶ
971 619 1100 694 ταύτδν
1120 617 1282 709 ὑπάρχων
1304 615 1415 706 αύτῷ,
1438 618 1592 687 ἐκτίσθαι

284 719 408 792 ἑαυτὸν
430 726 541 841 ἔλεγεν
562 731 618 794 καὶ
639 727 877 843 γεγενμῆσθαι;
898 722 993 795 ἐν
957 750 1020 813 γαρ
1041 732 1097 795 καὶ
1118 716 1295 810 (ταύτὸν),
1318 715 1366 802 ῶς
1388 720 1490 807 ἔφην,
1513 710 1592 786 όπε

283 827 401 910 δείχθη
421 818 611 907 πρόσωπον
632 820 673 894 τό
695 820 810 893 πάντα
833 822 956 908 διεξιόν
983 821 1026 893 τὰ
1056 829 1267 911 προκείμενα.
1311 825 1340 890 εί
1370 823 1406 888 δέ
1434 823 1490 887 καὶ
1522 810 1594 897 όιίέ
1609 822 1644 875 47

283 947 369 991 ποτε
400 916 618 1011 ῶμολόγησεν
648 927 685 993 ἐκ
714 921 905 1010 προσώπου
936 928 1044 994 ταῦτα
1074 928 1227 1012 εἰρῆσθαι
1257 925 1321 990 τοῦ
1356 922 1394 989 ἐν
1375 922 1481 1005 ντῷ
1517 921 1590 1004 θεῷ

249 1015 397 1107 ῠλόγου,
418 1020 632 1105 βεβίασται
611 1049 676 1108 αρα
698 1018 791 1111 αὐτῷ
822 1019 864 1092 τδι
887 1029 949 1113 τῆς
970 1020 1074 1105 είς
1037 1050 1102 1111 την
1127 1017 1234 1110 σάρκα
1256 1024 1319 1090 τοῦ
1340 1022 1493 1106 σωτῆρος
1510 1011 1593 1086 άπο

283 1116 420 1203 δόσεως,
454 1125 459 1209 1
491 1127 547 1191 καὶ
569 1117 683 1192 πάντα
705 1116 845 1206 άθρόως
867 1124 979 1195 ἐκεῖνα
1001 1124 1092 1193 ἕωλα
1112 1128 1168 1191 καὶ
1189 1118 1314 1210 μάταια
1337 1122 1424 1205 (nal)
1446 1113 1592 1203 περιττὰ
1612 1121 1675 1177 164

282 1216 494 1305 πεφώραται.
537 1223 565 1289 εί
595 1227 631 1291 δὲ
659 1216 784 1310 ῆσέιρξ
805 1211 849 1309 ῆν
879 1228 942 1293 τοῦ
972 1228 1128 1313 σωτῆρος
1158 1217 1180 1311 ῆ
1210 1227 1354 1308 λέγουσα
1385 1214 1426 1288 τό
1460 1214 1592 1303 »κύριος

283 1321 412 1389 ἔκτισεν
433 1347 473 1408 με
496 1314 601 1409 άρχῆν
623 1314 717 1391 δδῶν
739 1318 846 1393 αὐτοῦ
868 1327 915 1404 είς
933 1324 1013 1411 ἔργα
1028 1318 1151 1393 αὐτοῦ(
1169 1319 1257 1390 κατὰ
1272 1318 1337 1403 τὴν
1359 1314 1593 1389 ἀποδοθεῖσαν
1626 1316 1630 1323 ’

282 1413 377 1509 αύτῷ
401 1419 593 1507 ἑρμηνείαν,
624 1428 679 1490 καὶ
706 1424 735 1491 εί
756 1417 777 1509 ῆ
799 1419 881 1507 σὰρξ
915 1420 1000 1510 »πρὸ
1024 1427 1086 1493 τοῦ
1116 1426 1258 1502 αἰῶνοςι
1292 1414 1506 1505 ἐθεμελιῶθη
1536 1420 1592 1484 καὶ

230 1532 264 1587 10
285 1521 340 1589 »ἐν
361 1514 446 1606 ἇρχῆ
475 1518 543 1606 πρό
575 1525 639 1590 τοῦ
668 1519 734 1608 τῆν
763 1525 827 1610 γῆν
855 1526 1011 1611 ποιῆσαι(
1045 1525 1121 1608 (γῆν
1152 1516 1280 1607 δηλαδὴ
1312 1515 1377 1605 τῆν
1407 1511 1515 1603 σάρκα
1544 1511 1593 1594 ῶς

282 1614 377 1706 αὐτῷ
400 1614 508 1688 ἐδόκει
530 1618 584 1689 διὰ
607 1618 648 1689 τό
670 1624 826 1707 εἰρῆσθαι
852 1625 910 1707 »γῆ
933 1621 1039 1692 εἶκαὶ
1060 1625 1106 1700 είς
1128 1625 1192 1709 γῆν
1213 1623 1270 1691 81’
1293 1611 1503 1703 άπελεύσηι),
1536 1621 1592 1684 καὶ

282 1721 374 1806 εἴπερ
398 1712 419 1805 ἡ
441 1716 524 1804 σάρξ
546 1709 588 1806 ῆν
610 1714 630 1807 ῆ
653 1723 795 1806 λέγουσα
820 1718 905 1805 »πρὸ
922 1725 985 1791 τοῦ
1007 1717 1068 1801 τὰς
1091 1714 1254 1803 ἀβύσσους
1273 1720 1422 1803 ποιῆσαι,
1444 1713 1513 1803 πρὸ
1529 1720 1593 1784 τοῦ

281 1824 469 1904 προελθεῖν
492 1816 553 1898 τὰς
574 1816 682 1907 πηγὰς
705 1824 778 1888 τῶν
799 1813 947 1902 ύδάτων,
969 1817 1037 1907 πρό
1060 1823 1124 1890 τοῦ
1145 1811 1207 1906 όρη
1231 1818 1443 1905 ἑδρασθῆναι,
1465 1812 1535 1902 πρό
1557 1819 1593 1884 δέ

281 1914 427 1987 πάντων
447 1922 585 1998 βουνῶν
606 1922 707 2007 γεννᾷ
735 1944 793 2006 με(
827 1917 895 2001 (διὰ
924 1915 965 1988 τό
995 1923 1306 2007 προγεγεννημένην
1336 1916 1453 2004 (εἶναι)
1484 1911 1594 2002 αὐτὴν

231 2030 264 2085 15
283 2021 343 2106 τῆς
365 2021 439 2085 τῶν
461 2010 667 2087 άποστόλων
696 2020 838 2107 ἐκλογῆς
868 2013 917 2099 ῶς
946 2013 1056 2088 ἐδόκει
1084 2024 1135 2107 τῶ
1158 2012 1377 2105 σοφωτάτῳ),
1409 2014 1526 2085 ἐπεται
1555 2017 1594 2082 ἐκ

282 2113 472 2199 προσώπου
493 2122 554 2204 τῆς
576 2114 699 2201 σαρκὸς
721 2122 896 2239 λίγεσθαι”
899 2123 953 2186 καὶ
969 2114 1009 2187 τό
1028 2112 1146 2205 ιῆνίκα
1161 2113 1340 2206 ῆτοίμαζεν
1355 2110 1419 2187 τόν
1432 2109 1591 2198 ούρανόν.

282 2212 506 2305 συμπαρῆμην
527 2211 650 2303 αὖτῷι
694 2211 768 2287 άλλ
791 2211 853 2286 οὐκ
875 2214 919 2286 όν
941 2244 993 2299 τις
1014 2215 1059 2305 μῆ
1086 2222 1160 2286 τῶν
1182 2222 1320 2303 φρενῶν
1341 2213 1461 2295 ἐκστὰς
1483 2209 1591 2297 ταύτῃ
1609 2214 1646 2267 48

282 2318 369 2383 ποτὲ
390 2324 555 2385 συνθοῖτο
578 2322 621 2403 τῆ
643 2315 810 2407 ἑρμηνείᾳ·
831 2312 1097 2404 άντιφθέγξεται
1119 2314 1182 2402 γὰρ
1205 2310 1299 2403 αύτῷ
1321 2319 1404 2402 μέγα
1425 2307 1590 2401 βοῆσαςδ

282 2418 345 2532 τῆς
367 2407 529 2502 άληθείας
551 2409 661 2502 λόγος,
683 2416 872 2497 ἐπιδεικνύς
893 2423 945 2498 τίς
966 2444 1050 2486 ποτε
1073 2406 1117 2504 ῆν
1138 2409 1158 2485 ό
1180 2419 1289 2485 ταῦτα
1310 2410 1454 2498 διεξιών.
1491 2406 1538 2493 ῶς
1560 2408 1591 2482 δ
1609 2413 1646 2468 49

231 2530 265 2585 20
283 2504 346 2582 οὖν
367 2504 522 2601 ἕτερος
504 2540 547 2601 ην
569 2543 648 2583 οκ
578 2508 648 2584 ‘kx
669 2520 733 2584 τοῦ
753 2521 838 2585 θεοῦ
858 2521 1101 2635 γεγεννημένος
1116 2511 1307 2635 μονογενὴς
1333 2508 1421 2597 υἱός,
1444 2518 1513 2598 ζῶν
1534 2539 1591 2582 και

280 2607 450 2696 δφεστῶς,
482 2602 534 2683 ῶν
563 2618 619 2682 καὶ
649 2611 802 2735 πρὸτῆς
824 2621 897 2685 τῶν
921 2620 1077 2703 γενητῶν
1106 2608 1273 2684 ἁπάντων
1302 2607 1503 2691 συστάσεως,
1535 2602 1593 2680 όδε

280 2717 484 2801 παρίστησιν
506 2707 610 2795 αότδς
631 2703 729 2781 δι’
701 2741 752 2783 ων
783 2715 857 2804 εξῆς
887 2710 1002 2802 ἐπάγει
1034 2720 1141 2801 λέγων
1174 2707 1293 2802 »ῆνίκα
1320 2707 1501 2800 ῆτοίμαζεν
1530 2707 1594 2780 τόν

280 2806 436 2896 οὐρανόν,
459 2808 683 2900 συμπαρῆμην
697 2809 824 2902 αὐτῷ(
852 2821 958 2904 συνῆν
979 2841 1041 2902 γαρ
1063 2819 1118 2883 καί
1138 2818 1252 2930 παρῆν
1274 2806 1401 2900 <αύ>τῷ
1424 2815 1508 2898 πρίν
1536 2838 1593 2880 και

278 2915 435 2996 γενέσθαι
457 2908 520 2980 τόν
543 2906 692 2999 ούρανδν
716 2919 772 2982 καὶ
803 2911 846 2984 τὰ
877 2918 1031 2984 ἐπέκεινα
1061 2908 1210 3000 ούρανοῦ
1241 2906 1284 2981 τά
1314 2937 1352 2978 τε
1381 2912 1419 2978 ἐν
1452 2905 1590 2999 ούρανῲ

227 3026 261 3081 2ο
278 3004 401 3079 πάντα.
444 3015 549 3080 τοῦτο
572 3015 655 3098 γοῦν
675 3006 835 3098 η’νίττετο
866 3012 920 3084 διὰ
951 3018 1015 3083 τοῦ
1045 3010 1150 3098 φάναι
1179 3006 1297 3099 »ῆνίκα
1324 3005 1504 3097 ἦτοίμαζεν
1526 3008 1592 3080 τὸν

279 3102 440 3195 οιῗρανόν,
471 3106 694 3199 συμπαρῆμην
716 3107 840 3199 αότῷι.
882 3119 958 3194 πῶς
980 3116 1015 3181 δέ
1037 3107 1218 3199 ῆτοίμαζεν
1239 3104 1259 3180 ό
1283 3108 1365 3191 θεὸς
1392 3103 1414 3196 ἢ
1435 3117 1517 3197 πρὶν
1540 3136 1590 3197 γε·
1609 3118 1646 3172 50

278 3211 396 3277 νέσθαι
419 3202 526 3278 αὐτόν
553 3216 757 3295 νομοθετῶν
778 3216 833 3280 καί
855 3209 1122 3299 διατυποόμενος
1153 3203 1195 3279 δν
1220 3210 1285 3279 ἔδει
1317 3203 1451 3295 τρόπον
1481 3203 1591 3279 αύτόν

278 3312 454 3396 συστῆναι;
468 3301 488 3377 δ
503 3315 564 3397 μὲν
580 3300 642 3379 οὖν
657 3309 771 3399 πατὴρ
786 3307 947 3381 διετύπου
960 3317 1015 3380 καὶ
1030 3306 1219 3400 ῆτοίμαζεν,
1238 3304 1478 3396 διανοούμενος
1493 3300 1591 3391 όπως

276 3409 377 3494 ἐχρῆν
387 3412 548 3496 συστῆναι
558 3405 800 3479 τόντοσοῦτον
810 3405 964 3496 οὐρανόν,
973 3402 1055 3480 όσου
1065 3414 1270 3498 τεμεγέθους
1280 3410 1389 3478 ἐδεῖτο
1399 3413 1455 3477 καὶ
1466 3402 1592 3479 όποίου

225 3526 260 3580 30
276 3502 445 3593 σχῆματος
459 3512 597 3593 μέτρων
612 3513 719 3577 τεκαὶ
734 3513 849 3596 μερῶν
864 3502 1012 3593 ὁπόσων,
1029 3515 1102 3580 τῶν
1115 3503 1318 3593 μελλόντων
1332 3511 1413 3578 εἴσω
1429 3536 1466 3578 τε
1483 3504 1591 3580 αύτοῦ

275 3610 489 3692 περιέχεσθαι
501 3603 610 3694 χάριν,
632 3612 688 3678 καί
709 3613 783 3676 τῶν
804 3605 903 3689 ἐκτός
922 3609 1057 3678 ἔσεσθαι
1080 3603 1195 3689 αὐτοῦ,
1219 3612 1293 3676 τῶν
1307 3635 1345 3677 τε
1360 3609 1398 3676 ἐν
1414 3601 1508 3694 αύτῷ
1525 3604 1592 3677 τόν

277 3701 405 3790 δρόμον
418 3710 658 3793 ποιησομένων
673 3708 783 3777 ἕνεκα·
800 3701 819 3775 ό
836 3712 871 3775 δε
887 3726 959 3788 τοῖς
974 3704 1182 3793 τοῦπατρὸς
1197 3717 1370 3794 λογισμοῖς
1384 3709 1592 3792 ἐνατενίζων

276 3810 332 3875 καὶ
341 3800 446 3890 μόνος
456 3802 660 3874 ἐποπτεύων
670 3804 712 3876 τά
722 3809 759 3875 ἐν
768 3800 862 3894 αύτῷ
877 3802 978 3894 βάθη,
990 3801 1031 3876 δι’
1042 3809 1152 3895 ἔργων
1166 3805 1283 3894 ίχῶρει
1298 3822 1370 3887 τοῖς
1385 3803 1591 3893 τοῦπατρὸς

364 3973 380 4028 1
401 3974 480 4028 Prov.
498 3972 523 4033 8,
541 3973 602 4027 228
616 4004 649 4013 -
668 3976 686 4030 2
706 3972 760 4043 vgl.
779 3974 804 4029 S.
823 3976 881 4039 138,
898 3973 961 4030 318
980 4005 1013 4014 -
1038 3975 1053 4030 7
1074 3974 1154 4030 Ρτοτ.
1173 3978 1198 4041 8,
1216 3976 1250 4029 22
1276 4005 1309 4013 -
1336 3974 1429 4044 ssvgl.
1447 3974 1495 4029 Nr.
1511 3977 1536 4031 9.
1556 3979 1590 4032 10

276 4105 308 4115 —
327 4076 345 4129 8
363 4075 443 4129 Prov.
461 4074 486 4137 8,
496 4076 530 4128 23
547 4105 580 4114 -
600 4076 636 4130 ll
656 4076 712 4145 vgl.
722 4074 768 4129 Nr.
779 4076 811 4129 18
828 4105 861 4113 -
880 4077 947 4131 Gen.
965 4078 990 4139 3,
1009 4078 1092 4132 19-
1112 4076 1149 4131 12
1168 4077 1248 4132 Prov.
1261 4080 1285 4143 8,
1298 4078 1339 4131 24.
1352 4080 1386 4133 25
1403 4105 1436 4117 -
1458 4077 1516 4133 142
1532 4077 1588 4147 vgl.

276 4174 322 4229 Nr.
341 4177 383 4231 20.
401 4176 442 4230 21.
461 4177 495 4229 22
512 4205 545 4214 -
565 4177 602 4232 18
621 4176 701 4230 Prov.
719 4178 743 4231 8.
762 4179 794 4231 27
813 4208 846 4216 -
865 4178 905 4233 22
925 4176 1005 4231 Prov.
1022 4179 1047 4238 8,
1065 4178 1098 4231 27
1116 4206 1149 4216 -
1168 4178 1206 4232 25
1225 4177 1305 4233 Prov.
1324 4177 1348 4243 8,
1366 4179 1400 4232 27

362 4325 461 4380 2νιαί2
479 4340 511 4385 <
529 4344 557 4379 m
589 4326 593 4392 Ι
625 4323 730 4382 ταύτόν
748 4327 784 4381 Κὶ
803 4328 857 4396 vgl.
875 4328 901 4382 S.
921 4327 977 4389 153,
995 4328 1029 4382 28
1060 4328 1064 4393 1
1096 4327 1260 4383 θκαίῧῦίι.
1278 4327 1305 4382 d.
1324 4329 1351 4383 Z.
1370 4328 1409 4381 V²
1432 4331 1436 4397 ξ
1462 4328 1501 4384 14
1518 4348 1588 4399 προ·

276 4426 484 4499 γεγεννημένην
502 4420 575 4482 είναι
593 4426 632 4479 V²
649 4425 913 4501 προγεγεννημένον
932 4428 971 4481 V*
1005 4430 1009 4495 Ι
1043 4428 1078 4483 17
1103 4429 1142 4497 μῆ
1160 4428 1205 4483 111).
1223 4429 1249 4483 δ
1268 4429 1295 4483 Ζ,
1313 4427 1352 4481 V¹
1383 4431 1388 4497 Ι
1422 4430 1459 4486 21
1484 4424 1531 4486 ὅδε
1550 4431 1586 4484 ΚΙ

275 4525 385 4598 δδῆλ1
409 4531 414 4596 Ι
442 4528 482 4584 28
509 4525 584 4599 αίτῷ
602 4529 649 4582 Mo
681 4531 686 4597 Ι
719 4529 758 4585 28
785 4524 817 4594 ὃς
843 4523 908 4585 οίτε
927 4529 964 4594 V,
991 4546 1059 4584 corr.
1081 4529 1118 4583 Kl
1149 4531 1154 4598 Ι
1187 4530 1226 4586 82
1245 4529 1448 4600 ποιησαμένων
1466 4530 1499 4599 V,
1517 4548 1585 4586 corr.

274 4630 328 4684 We
359 4636 361 4655 ¹
394 4625 530 4685 εἳνεκα11
