3698 5510
347 476 406 538 116
929 461 1063 518 Eusebius

345 637 464 720 μένου;
485 626 527 701 06
547 627 611 719 γὰρ
632 623 690 699 ὁπ’
714 624 820 700 αὐτοῦ
842 650 946 715 φησιν
969 621 1045 699 οὐδ’
1065 623 1160 713 έξ’
1118 631 1225 698 αυτοῦ
1239 625 1283 698 τὰ
1305 621 1421 697 πάντα
1444 626 1653 712 γεγενῆσθαι,

346 724 434 801 ἀλλὰ
458 724 524 799 »δι’
547 725 683 801 αότοῦι
706 722 785 815 666
807 724 861 797 διὰ
878 721 1042 814 πρόθεσις
1064 725 1106 799 τὸ
1128 722 1337 817 ῦπηρετικὸν
1359 729 1526 814 σημαίνει,
1557 717 1606 803 αἱς
1635 714 1654 789 6

344 827 449 912 αὐτὸς
469 833 525 902 68⁸
546 823 783 917 εῦαγγελιστὴς
803 827 939 917 προῑών
960 825 1036 915 ἑξῆς
1056 834 1259 916 παρίστησιν
1281 831 1393 915 λέγων
1416 818 1454 896 »6
1476 817 1582 908 νόμος
1602 818 1655 890 διὰ

346 934 499 1052 Μωσέως
520 925 639 1017 ἐδόθη,
667 922 805 1015 ἧχᾶρις
825 920 923 997 καὶί
903 953 924 1013 η
946 921 1090 1047 666666
1111 924 1166 998 διὰ
1187 921 1293 1016 Ἰησοῦ
1315 930 1466 1015 Χριστοῦ
1487 925 1657 1011 ἐγένετοι·

294 1026 395 1111 δοός
416 1026 481 1117 γὰρ
503 1022 523 1099 6
551 1024 655 1115 νόμος
677 1023 739 1099 οῦκ
769 1016 821 1096 διν
843 1020 1069 1114 ἀνθρώπινος
1089 1020 1165 1097 οὔδ’
1192 1022 1300 1098 αότοῦ
1322 1020 1516 1107 Μωσέως
1495 1019 1656 1141 υπάρχων

345 1124 421 1201 ἄλλ’
452 1132 489 1200 ἐκ
515 1133 579 1198 τοῦ
604 1133 691 1199 θεοῦ
712 1131 838 1195 Μωσέα
863 1119 1027 1196 διάκονον
1055 1131 1111 1195 καὶ
1142 1120 1317 1215 ὑπηρέτην
1346 1121 1567 1213 ἐπεγράψατο
1597 1127 1656 1211 τῆς

347 1234 394 1311 εἰς
415 1223 625 1317 ἀνθρώπους
645 1222 824 1309 ἐκδόσεως,
855 1231 912 1295 καὶ
938 1222 994 1295 διὰ
1015 1228 1101 1295 τοῦτ
1101 1219 1264 1314 ἐἴρηται
1293 1219 1331 1296 ιδ
1362 1221 1466 1314 νόμος
1498 1222 1554 1294 διὰ
1577 1228 1655 1291 Mm-

347 1333 434 1410 σέως
455 1322 597 1416 έδόθητ,
624 1319 738 1407 οῦτως
763 1330 820 1394 καὶ
850 1319 889 1412 »6
909 1319 1003 1412 χόρις
1025 1321 1080 1395 διὰ
1101 1319 1206 1413 Ἰησοῦ
1227 1329 1378 1414 Χριστοῦ
1399 1330 1572 1412 έγένετοι,
1595 1328 1656 1394 τοῦ

347 1424 479 1516 πατρὸς
512 1421 621 1514 αὐτὴν
656 1422 711 1546 616
746 1429 809 1495 τοῦ
844 1428 995 1512 Χριστοῦ
1029 1430 1332 1514 κατεργασαμένου
1388 1422 1556 1506 ωσαῦτως
1595 1414 1656 1495 οῦν
1672 1421 1704 1475 ¹0

297 1542 331 1596 10
347 1531 479 1651 εἴρηται
499 1532 557 1598 καὶ
576 1523 617 1595 τὸ
644 1520 776 1595 »πάντα
798 1518 843 1595 δι’
866 1520 973 1595 αὐτου
957 1526 1160 1613 ἐγένετοτ,
1191 1525 1312 1614 έτέρου
1333 1529 1394 1613 μέν
1416 1519 1656 1645 πεποιηκότος,

349 1623 454 1698 αὐτοῦ
484 1631 521 1697 δέ
552 1628 853 1712 διακονησαμένου·
889 1617 982 1693 ὥσθ’
1019 1624 1136 1712 ἕτερον
1167 1633 1279 1714 ζητεῖν
1310 1622 1373 1696 τόν
1403 1622 1556 1714 ποιητὴν
1586 1628 1658 1693 τῶν

349 1720 445 1800 όλων
474 1723 538 1797 τόν
568 1722 623 1795 διὰ
653 1728 716 1795 τοῦ
745 1727 1019 1811 θεολογουμένων
1049 1722 1093 1795 τὰ
1121 1721 1239 1796 πάντα
1267 1720 1561 1814 ὑποστησάμενον.
1601 1728 1656 1791 καὶ

349 1822 441 1908 τίς
422 1853 465 1896 αν
487 1829 623 1913 γένοιτο
646 1813 765 1907 οὗτος·
793 1818 867 1894 ἀλλ’
890 1818 953 1893 οῦκ
980 1818 1023 1892 ἂν
1044 1824 1114 1910 ἔχοι
1135 1828 1249 1895 εἰπεῖν.
1293 1816 1345 1895 σόν
1366 1816 1482 1906 σῦτως
1503 1819 1656 1944 ἐχόντων
1672 1834 1701 1885 11

350 1919 572 2016 όμολογε1ν’
551 1918 682 2012 ανόγκη
705 1921 769 1995 τὸν
791 1918 1111 2011 θεολογοόμενον
1089 1919 1157 1993 υπὸ
1179 1930 1243 1994 τοῦ
1264 1919 1513 2045 εὐαγγελιστοῦ
1526 1921 1573 2012 μὴ
1595 1920 1657 1992 τὸν

301 2044 332 2099 15
349 2030 405 2097 ἐπὶ
425 2020 572 2097 πόντων
594 2023 680 2093 εἶναι
702 2018 787 2093 θεὸν
808 2016 888 2111 μηδ’
910 2017 1019 2093 αὐτὸν
1040 2018 1105 2092 τόν
1115 2028 1272 2146 πατέρα,
1303 2022 1368 2095 τὸν
1390 2029 1427 2095 δὲ
1447 2022 1579 2096 τοῦτον
1600 2050 1656 2112 μο-

350 2151 475 2213 νσγενη
458 2118 575 2205 υἱόν,
593 2148 634 2192 ου
626 2117 881 2210 ’συμβεβηκότα
896 2150 947 2211 τῳ
930 2127 1068 2208 πατρὶ
1083 2117 1202 2193 οῦδΗ
1173 2151 1222 2205 ως
1236 2126 1274 2194 έν
1288 2119 1501 2214 ὑποκειμένῳ
1517 2119 1607 2194 ἐν’
1565 2127 1656 2210 αυτῷ

351 2217 437 2295 ὄντα
453 2218 531 2294 οῦδὲ
546 2223 583 2293 έν
602 2226 659 2291 καὶ
678 2216 808 2292 τοῦτόν
831 2226 881 2309 τῷ
904 2227 978 2310 θεῷ
1001 2212 1096 2305 όντα,
1117 2218 1193 2292 υἱὸν
1214 2227 1250 2292 δέ
1272 2217 1414 2312 ἀληθῶς
1428 2217 1526 2306 ὄντα,
1547 2228 1658 2309 ζῶντα

350 2317 767 2410 κα1“υφεστοῦτα,έναρχῇ
781 2347 819 2391 τε
834 2313 921 2392 ὄντα
941 2326 998 2391 καὶ
1013 2317 1100 2407 πρὸς
1114 2317 1178 2391 τὸν
1192 2321 1278 2393 θεὸν
1293 2315 1380 2394 ὄντα
1393 2329 1447 2393 καλ
1462 2322 1551 2394 θεὸν
1565 2315 1656 2403 ὄντα,

351 2414 443 2494 δι’
405 2451 445 2494 ου
460 2419 503 2493 τὰ
517 2417 632 2492 πάντα
647 2416 894 2509 δημιουργε1·“
865 2450 914 2503 ως
928 2415 1082 2542 6066g''
1060 2447 1104 2492 αν
1118 2447 1196 2491 τινα
1210 2420 1317 2491 ἐπὶ
1280 2450 1322 2493 τσ
1338 2429 1550 2511 σαφέστερον
1561 2448 1658 2508 μετα·
1673 2429 1704 2483 12

235 2572 240 2583 ·
301 2539 336 2595 20
353 2518 505 2607 λαβόντα
526 2518 633 2608 φάναι
654 2514 732 2591 ἀντὶ
754 2525 818 2591 τοῦ
850 2523 909 2639 ζ»ἐν
913 2514 1024 2639 6016
1056 2510 1141 2609 ἧνό
1168 2516 1305 2609 λόγοςι,
1337 2520 1378 2593 τὸ
1408 2517 1489 2642 ἐν’
1467 2528 1553 2610 αρχῇ
1576 2510 1657 2608 ἦνό

353 2619 439 2706 υἱός,
469 2626 527 2692 καὶ
553 2615 631 2741 666
653 2624 717 2690 τοῦ
745 2625 818 2688 »καὶ
841 2612 860 2688 6
883 2615 984 2707 λόγος
1006 2646 1049 2707 ην
1070 2617 1158 2706 πρὸς
1180 2618 1244 2691 τόν
1265 2618 1368 2693 θεόντ
1405 2620 1447 2693 τὸ
1469 2614 1570 2691 μαλ’
1550 2650 1570 2691 ο
1591 2617 1661 2700 υἱὸς

355 2713 397 2810 ἦν
418 2718 505 2810 πρὸς
526 2718 590 2791 τὸν
610 2725 756 2808 πατέρα,
786 2723 843 2789 καὶ
869 2713 948 2789 ἀντὶ
974 2724 1037 2789 τοῦ
1066 2725 1140 2789 »καὶ
1161 2716 1242 2802 θεὸς
1272 2711 1316 2810 ἦν
1338 2714 1357 2792 6
1380 2718 1502 2809 λόγος(
1537 2718 1578 2790 τὸ
1607 2724 1660 2787 καλ

354 2819 438 2903 θεὸς
467 2811 511 2909 ἦν
540 2813 560 2890 6
590 2815 671 2900 υἱός.
713 2810 808 2888 οῦτω
839 2812 921 2888 δ’”
902 2846 945 2888 αν
973 2811 1149 2906 ἇρμόσειεν
1177 2825 1234 2889 καὶ
1264 2817 1306 2890 τό
1337 2819 1456 2907 έξῆςέ
1455 2817 1660 2909 παγόμενον,

359 2916 508 2991 »πόντοι
533 2916 597 3007 γὰρ
623 2912 686 2987 »δι’
713 2913 819 2987 αὐτοῦ
840 2921 974 3006 ἐγένετο
995 2923 1053 2987 καὶ
1073 2923 1175 3006 χωρλς
1201 2913 1308 2989 αῦτσῦ
1334 2922 1467 3006 ἐγένετο
1491 2916 1572 2991 οῦδὲ
1598 2918 1661 2989 ένι.

303 3026 361 3108 251
396 3015 539 3101 εἰκότως
561 3022 744 3106 τοιγαροῦν
775 3010 795 3087 6
822 3026 917 3098 θεῖος
942 3012 1179 3105 εῦαγγελιστὴς
1200 3013 1281 3087 ἐν’
1260 3024 1344 3107 αρχῇ
1365 3015 1473 3091 αῦτὸν
1493 3020 1563 3109 ἔφη
1584 3017 1661 3101 δοῦς
1676 3018 1783 3092 131128

356 3115 452 3241 αῦτῷ
483 3113 603 3207 ἀρχήν,
635 3122 742 3206 δῆλον
771 3109 846 3186 δ’ο
826 3145 882 3187 οτι
880 3115 969 3237 τὴν
989 3122 1161 3205 γέννησιν,
1187 3115 1253 3206 τὴν
1273 3120 1311 3188 ἐκ
1333 3124 1396 3190 τοῦ
1417 3115 1563 3208 πατρός·
1593 3121 1662 3190 πᾶν

354 3244 418 3307 γαρ
440 3214 482 3288 τὸ
505 3218 543 3286 ἔκ
564 3243 659 3297 τινος
680 3211 890 3305 γεννηθέν’
860 3215 976 3336 αρχέγν
998 3218 1062 3304 ἔχει
1084 3214 1149 3287 τὸν
1173 3215 1412 3306 γεγεννηκότα
1454 3214 1496 3290 06
1521 3217 1591 3338 μὴν
1611 3209 1662 3288 έθ

356 3313 484 3406 ὁμοίως
505 3312 731 3405 ἐπήγαγεν
695 3343 736 3387 τσ
756 3322 812 3386 καὶ
834 3320 870 3401 <ο
860 3312 887 3403 >
851 3312 1012 3404 ολόγος
1037 3306 1081 3404 ἦν
1101 3318 1139 3386 έν
1160 3322 1212 3406 τῷ
1234 3323 1323 3407 θεῷ,
1355 3314 1444 3390 ἀλλὰ
1471 3315 1579 3408 »πρὸς
1600 3314 1661 3388 τόν

355 3416 443 3489 θεὸν
464 3407 508 3505 ἦν
530 3409 549 3486 6
572 3412 705 3505 λόγοςι,
727 3412 898 3487 διδάσκων
919 3413 983 3485 τόν
1004 3420 1218 3504 γεννηθέντα
1238 3388 1337 3486 καθ’
1315 3414 1424 3507 αρχὴν
1445 3414 1510 3488 τόν
1532 3421 1662 3504 πατέρα

306 3539 339 3593 30
355 3510 570 3606 κτησάμενον
589 3514 635 3604 μὴ
657 3511 788 3604 μακρόν
805 3542 876 3586 που
897 3514 981 3585 εἶναι
1003 3519 1067 3585 τοῦ
1086 3512 1220 3605 πατρὸς
1239 3521 1323 3605 μηδὲ
1337 3511 1610 3638 όπεσχοινὶσθαι
1607 3522 1662 3587 καὶ

356 3613 475 3704 πόρρω
501 3642 571 3686 που
598 3609 785 3700 ἀφεστάναι
810 3609 931 3696 αὐτοῦ,
962 3607 1051 3684 ἀλλὰ
1079 3632 1237 3703 παρεῖναι
1263 3611 1358 3706 αῦτρῦ
1389 3620 1445 3686 καὶ
1474 3614 1538 3686 σῦν
1568 3610 1660 3705 αῦτῷ

356 3706 510 3786 elvat·⁰
492 3742 511 3784 σ
543 3711 584 3803 δὴ
611 3718 666 3783 καὶ
693 3717 731 3784 έν
751 3719 951 3801 Παροιμίαις
976 3715 1148 3784 ἐδίδασκεν
1176 3711 1348 3803 πρότερον
1376 3711 1485 3806 φήσας
1517 3712 1604 3805 »πρὸ
1625 3686 1707 3785 614

357 3810 504 3885 πάντων
525 3818 662 3897 βσονῶν
683 3816 785 3904 γεννᾷ
806 3839 877 3901 μετ,
908 3815 1026 3883 ἔπειτα
1046 3820 1210 3900 προσθεὶς
1242 3810 1361 3935 τηνίκα
1391 3811 1575 3905 ἡτοίμαζον
1603 3810 1665 3884 τόν

358 3910 518 4003 οὐρανόν,
548 3907 770 4000 σομπαρὴμην
801 3907 925 4001 αῦτῷι.
969 3903 1083 3994 οῦτως
1105 3904 1166 3984 οὖν
1192 3907 1211 3984 6
1234 3911 1349 4003 λόγος,
1380 3906 1590 4004 δῆλονδο
1570 3907 1663 3985 οτιδ

306 4029 341 4083 35
358 4009 546 4101 μονογενὴς
574 4001 709 4095 υἱός,
691 4038 735 4100 ην
764 4008 851 4098 πρὸς
881 4008 945 4082 τόν
975 4009 1099 4082 ἑαυτοῦ
1123 4017 1256 4103 πατέρα
1282 4011 1346 4085 τόν
1367 4012 1453 4086 θεόν
1474 4014 1589 4086 συνών
1610 4020 1663 4083 καὶ

445 4229 934 4297 2J0h.1,3-8J011.1,17-
955 4229 1070 4286 moh.
1089 4233 1215 4297 1,11-
1236 4231 1349 4289 18101.
1368 4235 1418 4302 1,3
1435 4264 1469 4275 -
1487 4233 1660 4300 20101111

360 4363 393 4372 -
412 4333 450 4389 21
470 4331 1383 4403 Joh.1,1-22J061‚1-24Joh.1,3-82Prov.8‚25
1399 4335 1662 4399 -8812106627

445 4534 463 4590 1
491 4535 681 4604 γεγεννῆσθαι
698 4531 746 4601 1Ι*,
773 4550 841 4588 οοπ.
861 4532 900 4584 Vo
928 4536 933 4600 Ι
964 4532 982 4588 5
1010 4524 1047 4589 αὖ
1072 4539 1125 4590 τοῦ
1150 4551 1170 4605 g
1201 4535 1206 4603 Ι
1238 4535 1278 4591 28
1306 4533 1322 4591 6
1348 4534 1393 4591 fib.
1412 4535 1438 4590 d.
1456 4536 1484 4592 Z,
1502 4535 1540 4590 V²
1578 4535 1584 4603 1
1623 4533 1662 4590 81

360 4623 502 4698 1.οθτοςθ
