3698 5510
602 466 637 521 do
654 465 839 522 ecclesiastiea
855 463 998 534 theologia
1015 465 1028 519 Ι
1045 466 1087 523 20.
1458 470 1496 532 85

187 632 253 698 τοῦ
274 623 432 715 κόσμοοι,
454 635 509 701 καὶ
525 626 632 701 πάλιν
649 628 734 719 »ἐγῶ
750 627 866 720 είμι
830 658 871 700 το
893 636 977 715 φῶς,
999 623 1095 699 καὶ
1075 656 1096 717 η
1117 625 1261 718 άλήθεια
1282 634 1339 699 καί
1361 623 1496 719 ήζωήι,

186 734 243 796 καλ
266 718 366 811 αὖθις
390 722 465 800 »ότι
486 727 527 800 τό
550 736 625 816 φῶς
650 726 818 819 ἐλήλυθεν
843 733 889 811 είς
919 727 983 799 τόν
1013 725 1142 816 κόσμον
1170 734 1227 798 καὶ
1256 724 1434 817 ἠγάπησαν
1465 730 1497 800 σί

187 824 375 913 ἄνθρωποι
396 834 528 914 μᾶλλον
549 827 590 900 τό
612 825 736 912 σκότος
756 824 778 918 6
800 829 841 901 τό
862 836 968 917 φῶς(
1006 833 1061 897 καὶ
1078 831 1144 918 είγε
1166 857 1218 911 τις
1240 831 1363 916 ἔροιτο,
1384 822 1498 898 πόθεν
1514 830 1548 885 24

185 923 366 1015 ἐλήλυθεν,
388 923 622 1017 ἀποκρινεῖται
637 957 656 1000 ο
646 923 781 1002 είπῶν
799 958 836 1001 »ο
826 924 991 1000 ἄνωθεν
1012 923 1191 1017 ἐρχόμενος
1213 923 1331 999 ἐπάνω
1354 923 1497 998 πάντων

152 1030 300 1097 οἐστίνι
338 1033 395 1096 καί
428 1022 466 1099 »6
496 1031 535 1099 ἐκ
513 1034 629 1100 κτοῦ
659 1024 807 1151 οῦρανοῦ
837 1024 1016 1118 ἐρχόμενος
1045 1020 1064 1098 6
1091 1025 1240 1115 ἐῶρακεν
1268 1034 1324 1097 καὶ
1354 1023 1498 1116 ἤκουσεν

183 1144 385 1214 μαρτυρεῖ(
438 1133 490 1211 τίς
524 1123 559 1198 6'
595 1119 638 1218 ήν
677 1124 714 1200 »6
750 1124 928 1218 ἐρχόμενος
963 1130 1002 1198 ἐκ
980 1132 1101 1198 κτοῦ
1129 1122 1313 1248 οῦρανοῦι;
1345 1123 1427 1215 μήτι
1461 1154 1497 1215 γε

185 1219 206 1313 6
236 1222 370 1313 σὰρξ
349 1253 394 1316 ην
415 1222 600 1317 ἀνείληφεν
630 1256 649 1298 ο
672 1253 804 1318 σωτηρ;
834 1223 998 1318 οὐδαμῶς.
1040 1222 1114 1298 ἀλλ’
1138 1221 1251 1310 αῦτός,
1273 1223 1491 1315 δηλονότι
1456 1257 1497 1297 το

185 1332 265 1412 φῶς
292 1332 347 1397 καὶ
370 1322 390 1398 6
412 1323 515 1416 λόγος
534 1334 589 1398 καὶ
612 1323 632 1399 6
653 1327 736 1411 θεὸς
764 1336 821 1399 καὶ
843 1322 862 1399 6
885 1325 1069 1416 μονογενής
1090 1332 1145 1397 καί
1167 1321 1187 1397 6
1208 1321 1290 1410 υίός,
1319 1321 1423 1409 αὐτὸς
1446 1318 1497 1397 ῶν

185 1430 300 1495 ταῦτα
331 1422 455 1512 πάντα,
485 1424 525 1497 »6
548 1426 713 1515 ἓῶρακενι
747 1435 865 1500 τοίνυν
895 1418 998 1507 οὗτος
1030 1431 1104 1496 »καὶ
1134 1422 1351 1515 άήκουσενι,
1383 1431 1496 1515 φησίν,

137 1536 168 1591 10
187 1542 401 1612 »μαρτυρεῖς
438 1522 564 1598 οῦκοῦν
577 1532 633 1598 καὶ
656 1527 746 1616 ἑῶρα
767 1533 823 1598 καί
839 1524 982 1617 ήκοοσεν
996 1532 1079 1615 πρὶν
1102 1529 1157 1597 ἐπὶ
1179 1531 1239 1615 γῆς
1260 1529 1383 1597 ἐλθεῖν.
1419 1533 1497 1598 τίνα
1514 1535 1548 1590 26

184 1629 221 1693 δε
250 1624 343 1713 ἐῶρα
369 1620 391 1714 6
418 1624 481 1697 τόν
506 1633 653 1715 πατέρες·
688 1633 782 1710 τίνος
808 1631 845 1698 δέ
870 1622 1014 1716 ήκουσεν
1035 1621 1057 1714 6
1080 1630 1143 1698 τοῦ
1163 1619 1311 1713 πατρός·
1345 1617 1438 1697 οῦτω
1462 1631 1498 1698 δέ

185 1721 315 1795 ἑαυτόν
336 1720 378 1795 οῦ
399 1720 506 1813 λόγον
527 1722 748 1815 σημαντικόν,
776 1735 781 1813 Ι
809 1722 883 1798 ἄλλ’
914 1724 990 1797 υίόν
1019 1721 1160 1814 άληθῶς
1191 1732 1307 1812 ζῶντα
1336 1731 1392 1796 καὶ
1417 1721 1497 1812 ῦωε-
1516 1731 1555 1789 66

185 1830 307 1895 στῶτα
328 1829 517 1910 ἐδίδασκεν,
550 1821 599 1908 ῶς
626 1830 735 1914 λέγειν
763 1820 801 1897 »6
823 1824 938 1915 πατὴρ
958 1822 1073 1918 άγαπᾷ
1098 1821 1273 1910 τόνυίόν,
1303 1834 1361 1896 καὶ
1381 1822 1497 1897 πάντα

185 1926 341 1994 δέδωκεν
370 1926 407 1995 ἐν
437 1932 481 2014 τῇ
510 1932 594 2016 χειρὶ
626 1921 741 1997 αὐτοῦ.
781 1920 801 1996 6
831 1922 1004 1996 πιστεύων
1033 1930 1080 2006 εἰς
1109 1924 1173 1997 τόν
1203 1923 1279 1996 υἱόν
1309 1926 1374 2014 ἔχει
1405 1927 1498 2016 ζωήν

136 2032 168 2086 16
186 2022 362 2095 αἰῶνιονι.
405 2023 619 2116 πιστεύωμεν
647 2033 778 2108 τοίνυν,
809 2017 865 2096 ότι
898 2022 981 2096 »τόν
1010 2021 1103 2095 υίόνι
1137 2020 1281 2113 άγαπῶν
1314 2018 1352 2096 »ό
1383 2025 1497 2146 πατήρ

185 2121 306 2194 πάντα
336 2128 486 2196 δέδωκεν
516 2129 553 2196 ἐν
584 2132 628 2213 τῇ
656 2131 739 2214 χειρὶ
771 2120 907 2197 αότοῦι.
950 2127 1118 2213 ἐπιμελῶς
1147 2129 1184 2194 δέ
1213 2130 1423 2212 προσεκτέον
1445 2155 1496 2216 τῳ
1478 2132 1548 2190 ’26

189 2219 363 2307 »πάντα«,
395 2228 457 2312 τής
480 2229 554 2294 τῶν
574 2231 731 2315 γενητῶν
762 2218 928 2296 άπάντων
958 2218 1133 2311 ῦπάρξεως
1153 2230 1389 2314 περιληπτικῷ
1411 2216 1497 2309 όντι,

186 2415 397 2511 ἐννοήσαςο
376 2446 439 2510 οση
460 2429 516 2494 καί
526 2418 642 2543 ὁποίᾳ
662 2429 746 2512 χειρὶ
767 2419 860 2511 παρά
883 2428 947 2494 τοῦ
967 2418 1320 2543 πατρόςῦποδέδεκτο
1343 2422 1409 2512 τήν
1423 2433 1498 2496 τῶν

136 2532 171 2587 20
188 2514 310 2591 ὄντων
331 2516 500 2594 άπάντων
521 2514 675 2611 ῦπαρξιν.
711 2527 741 2594 εί
763 2519 825 2613 γάρ
848 2521 889 2613 δή
911 2516 1054 2611 μέγας
1035 2518 1199 2610 οσῦμπας
1221 2517 1368 2609 οῦρανός
1389 2530 1498 2595 τεκαὶ
1515 2541 1548 2594 27

187 2618 330 2709 κόσμος,
360 2627 417 2692 καὶ
444 2620 583 2695 τούτων
610 2626 660 2695 ἔτι
687 2627 807 2712 μακρῷ
832 2630 1013 2711 κρείττονα
1034 2627 1090 2691 καὶ
1112 2625 1319 2709 διαφέροντα
1341 2619 1499 2712 τυγχάνει

188 2718 233 2791 τὰ
256 2724 414 2793 ἐπέκεινα
436 2728 509 2793 τῶν
531 2716 719 2812 όρωμένων
740 2727 778 2795 ἐν
799 2717 993 2812 άσωμάτοις
1014 2726 1070 2791 καὶ
1092 2715 1286 2810 άφθάρτοις
1308 2740 1438 2809 νοεραῑς
1461 2750 1497 2795 τε

188 2826 245 2889 καὶ
268 2827 378 2903 θείαις
397 2817 582 2910 ἐφεστῶτα
604 2819 796 2913 δυνάμεσιν,
826 2818 944 2894 πάντα
969 2847 1006 2891 τε
1033 2813 1096 2891 ὅσα
1122 2818 1186 2892 τόν
1212 2816 1377 2910 ήμέτερον
1398 2828 1498 2893 διαδι-

189 2917 385 3007 δράσκοντα
408 2927 491 2993 νοῦν
517 2926 584 3011 τήν
614 2918 779 3012 ήμετέραν
809 2928 937 3011 γνῶσιν
958 2917 1136 3005 λανθάνει,
1168 2918 1306 2993 τοῦτων
1331 2915 1499 2994 ἇπάντων

139 3030 172 3086 20
189 3027 249 3107 μία
272 3025 336 3091 τοῦ
356 3027 563 3109 μονογενοῦς
583 3024 659 3093 υἱοῦ
680 3026 743 3092 τοῦ
764 3027 850 3094 θεοῦ
868 3028 940 3110 χείρ
966 3026 1256 3109 περιδραττομένη
1280 3027 1340 3111 τῆς
1363 3015 1497 3110 άπειρο-

189 3124 356 3208 μεγέθους
370 3116 477 3193 αῦτοῦ
492 3116 666 3210 δυνάμεως
681 3119 745 3210 τήν
761 3117 888 3211 άρετήν
902 3124 1136 3192 ἐπιδείκνυται,
1159 3113 1178 3188 6
1194 3119 1235 3209 66
1249 3126 1305 3192 καὶ
1321 3116 1367 3191 δι’
1384 3122 1498 3209 ἑτέρας
1515 3138 1549 3193 28

189 3213 297 3288 πάλιν
323 3214 427 3302 αῦτός
456 3212 476 3288 6
506 3217 580 3301 υίὸς
609 3227 757 3310 παρίστη
789 3227 909 3310 φωνῆς
939 3226 1049 3309 λέγων
1079 3215 1212 3290 »πάντα
1237 3247 1295 3308 μοι
1320 3215 1497 3309 παρεδόθη

188 3314 259 3388 ῦπό
281 3323 345 3388 τοῦ
365 3314 498 3406 πατρός
519 3346 615 3407 μουι.
652 3316 727 3404 εἶθ’,
750 3316 798 3404 ῶς
819 3316 919 3410 ήμῶν
940 3315 1180 3408 άποροῦντων,
1203 3327 1255 3401 τίς
1275 3313 1355 3391 ποτ’
1377 3311 1420 3407 ήν
1441 3325 1498 3391 καὶ

126 3441 129 3447 ·
190 3411 357 3505 ὁπηλίκος
379 3413 398 3489 6
420 3417 485 3508 τὴν
508 3415 680 3508 τοσαύτην
701 3416 997 3508 παρακαταθήκην
1021 3414 1302 3507 ῦποδεδεγμένος,
1329 3417 1373 3509 μή
1396 3415 1497 3509 ζήτει,

139 3532 173 3587 00
190 3524 304 3604 φησίν,
326 3513 403 3606 μηδ’
423 3516 544 3604 ἐρώτα
580 3513 706 3608 οὐγὰρ
729 3521 793 3607 ἔχει
815 3517 918 3606 φῦσιν
940 3515 1142 3605 ἀνθρώποις
1164 3526 1399 3606 γνωρίζεσθαι,
1423 3514 1497 3590 ἀλλ’

190 3612 270 3687 οῦδὲ
300 3634 375 3699 ταῖς
404 3624 597 3705 κρείττοσιν
625 3625 681 3688 καὶ
708 3624 899 3707 θειοτέροις
925 3613 1105 3705 δυνάμεσιν
1135 3613 1156 3707 6
1179 3614 1317 3707 άκριβής
1338 3624 1401 3690 τοῦ
1422 3621 1499 3690 υίοῦ

190 3721 255 3788 τοῦ
276 3721 362 3786 θεοῦ
384 3712 583 3806 κατάληψις.
627 3717 680 3789 διό
701 3714 882 3806 προωήσας
910 3714 1044 3789 »πάντα
1064 3745 1123 3806 μοι
1144 3712 1365 3807 παρεδόθη
1344 3715 1412 3789 υπό
1435 3723 1498 3789 τοῦ
1515 3734 1549 3790 20

190 3810 322 3935 πατρός
352 3844 436 3905 μου(
475 3813 643 3906 ἐπήγαγεν
677 3823 749 3888 »καὶ
781 3815 891 3899 οῦδείς
920 3815 1133 3906 ἐπιγινώσκει
1160 3813 1224 3887 τόν
1249 3814 1326 3888 υἱόν
1353 3821 1381 3888 εί
1410 3812 1497 3908 μήό

191 3911 333 4003 πατήρι.
376 3912 566 4035 σεσιγήσθω
589 3923 710 3988 τοίνυν
731 3921 798 3999 πᾶς
824 3911 1019 4034 άπόρρητος
1036 3922 1122 4037 περὶ
1149 3945 1211 3988 του
1196 3919 1307 3986 υἱοῦ
1328 3922 1393 3987 τοῦ
1413 3922 1499 3988 θεοῦ

141 4032 174 4087 35
192 4011 306 4103 λόγος,
337 4022 393 4086 καί
426 4012 523 4105 μόνω
549 4021 602 4105 τῷ
628 4022 734 4104 πατρὶ
754 4010 1046 4103 παραδεδόσθω’
1027 4044 1046 4103 η
1068 4020 1130 4103 τῆς
1151 4018 1186 4100 ἐξ
1208 4010 1315 4085 αῦτου
1299 4019 1498 4103 γενέσεως

277 4234 1498 4302 110114,6-2101.3,19-41003,31-οῐσοαεμε-οσοοεε.)

191 4365 224 4375 -
243 4337 281 4392 13
299 4336 361 4393 Joh.
381 4338 405 4403 3,
423 4337 464 4390 35.
482 4337 516 4392 36
534 4366 567 4376 -
587 4337 622 4393 15
640 4337 702 4393 Joh.
720 4338 745 4403 3,
763 4337 797 4391 30
819 4365 853 4375 -
879 4337 918 4393 17
936 4336 997 4392 Joh.
1015 4337 1039 4404 3,
1058 4339 1092 4392 35
1118 4366 1150 4376 -
1178 4337 1214 4392 27
1236 4336 1336 4392 Matth.
1355 4338 1395 4403 11,
1414 4338 1446 4391 27
1464 4363 1498 4375 -

192 4437 253 4493 821
267 4437 367 4493 matth.
386 4441 426 4503 11,
443 4438 476 4491 27

275 4635 575 4708 46¹J÷a6164w0
607 4640 611 4707 Ι
642 4632 925 4695 ΒῶνεεεεΨε
956 4640 961 4708 Ι
995 4639 1031 4694 15
1050 4636 1266 4707 πιστεῦομενω
