3698 5510
355 464 393 526 80
942 452 1075 508 Eusebius

353 626 409 690 καί
430 613 507 707 μεθ’
530 617 629 706 ἕτερα
651 613 766 705 ἐπάγει
789 620 902 705 λέγων

417 723 486 803 (Νι.
508 724 560 805 44)
583 711 727 799 εἰκότως
749 706 811 788 οῦν
833 712 901 804 πρὸ
924 720 986 804 τῆς
1006 712 1162 787 καθόδου
1183 723 1288 789 τοῦτο
1310 708 1364 807 ῆν,
1387 710 1473 806 όπερ
1494 714 1662 801 πολλάκις

416 821 559 908 ἔφαμεν,
589 812 703 903 λόγος·
745 813 831 904 μετά
861 821 896 886 δέ
928 813 994 904 τῆν
1014 810 1171 886 κάθοδον
1192 824 1246 886 καί
1269 815 1335 907 τῆν
1355 823 1417 908 τῆς
1436 815 1561 905 σαρκός
1583 813 1660 890 ἀνά-

417 926 521 1008 ληψιν
540 911 719 1003 διαφόρων
738 922 795 985 καί
817 922 890 987 τῶν
911 918 1106 1003 ἐπηγοριῶν
1127 913 1317 1005 τετύχηκεν.

319 1023 462 1089 ὅταῦτα
491 1021 553 1107 μὲν
581 1007 643 1088 οὖν
666 1010 713 1086 δι’
737 1006 788 1085 ῶν
810 1012 1011 1102 Μάρκελλος
1032 1009 1205 1087 ἁλίσκεται
1226 1014 1372 1105 τὸνμὲν
1393 1016 1470 1089 υἱόν
1492 1023 1556 1088 τοῦ
1577 1023 1661 1088 θεοῦ

353 1118 417 1190 τόν
440 1109 526 1188 ὄντα
547 1123 602 1186 καί
625 1121 740 1201 ζῶντα
762 1120 818 1186 καί
849 1110 992 1203 ἀληθῶς
1021 1113 1097 1186 υίόν
1124 1106 1209 1185 ὄντα
1234 1110 1457 1204 ἀρνούμενος,
1489 1112 1597 1205 λόγον
1626 1120 1662 1187 δὲ

352 1216 456 1305 ψιλόν
478 1212 632 1303 εἰσάγων.
668 1219 834 1286 δέδεικται
854 1218 891 1283 δὲ
906 1212 961 1285 διά
976 1221 1051 1285 τῶν
1064 1214 1258 1303 ἔμπροσθεν
1271 1221 1534 1302 παρατεθεισῶν
1556 1210 1663 1286 αὐτοῦ
1694 1236 1710 1290 5

353 1321 486 1405 φωνῶν
507 1321 562 1384 καί
584 1309 708 1387 όποίον
730 1310 837 1386 αὐτόν
858 1313 944 1384 εἶναι
967 1307 1072 1400 λόγον
1092 1309 1287 1398 ἀπετίθετο,
1310 1320 1557 1403 παραδείγματι
1578 1314 1662 1403 χρῶ-

351 1444 453 1505 μενος
475 1419 526 1504 τῷ
550 1410 760 1504 ἀνθρωπείῳ
784 1409 875 1502 λόγῳ
898 1412 935 1483 ίν
958 1419 1072 1483 τεκαὶ
1094 1408 1224 1485 ταῦτόν
1245 1414 1331 1484 είναι
1346 1420 1457 1502 λέχων
1478 1409 1590 1485 αὐτόν
1613 1419 1662 1503 τῷ

302 1524 334 1577 10
352 1522 436 1605 θεῶ.
478 1521 534 1586 καί
557 1513 598 1604 δῆ
621 1512 751 1603 ταύτην
781 1509 889 1602 ἀρχὴν
919 1506 1210 1601 ὑποστησάμενος,
1238 1509 1442 1597 ἀκολούθως
1464 1517 1502 1585 ἐκ
1526 1518 1589 1602 τῆς
1610 1519 1663 1586 δο-

351 1623 469 1704 θείσης
500 1610 597 1703 αῦτῷ
627 1610 826 1696 ἀποθέσεως
856 1617 913 1683 ἐπί
943 1609 984 1681 τό
1020 1609 1293 1698 καταψεύδεσθαι
1329 1618 1391 1702 τῆς
1427 1611 1665 1686 θεοπνεύστου

352 1721 483 1806 γραφῆς
505 1710 734 1802 διαστρόφους
760 1741 798 1783 τε
825 1708 931 1800 αὐτῆς
956 1719 1129 1781 ποιεῖσθαι
1156 1709 1217 1794 τάς
1244 1713 1416 1801 ἑρμηνείας
1443 1717 1664 1802 (προῆλθεν).

435 1821 476 1888 19
503 1806 554 1885 ῶν
579 1820 734 1901 βραχείας
754 1815 810 1884 έπί
836 1816 900 1882 τοῦ
925 1807 1100 1896 παρόντος
1128 1817 1243 1893 καλῶς
1269 1815 1356 1900 ἔχειν
1382 1809 1493 1902 ἐφάνη
1516 1842 1576 1903 μοι
1597 1820 1663 1885 δια·
1696 1822 1764 1892 ὅπως
1777 1824 1803 1880 ai

352 1920 558 2001 σκέψασθαι,
581 1932 654 1994 τοῖς
676 1939 713 1982 τε
737 1908 918 2000 ἀγνοοῦσιν
940 1915 1113 1996 ἐπιδεῖξαι,
1141 1906 1190 1991 ῶς
1212 1905 1349 2001 οῦδεμία
1375 1918 1437 2002 μέν
1458 1909 1558 2003 αὐτῷ
1580 1942 1662 1986 νεω·
1679 1898 1819 2016 θεῑῗὲίίζζ

300 2025 333 2079 15
352 2022 522 2102 τερίζοντι
543 2017 599 2083 καί
627 2016 688 2101 τῆς
707 2007 821 2099 ῦγιοῦς
842 2013 1081 2100 έκτρεπομένῳ
1109 2014 1258 2092 πίστεως
1279 2009 1415 2103 συνᾴδει
1436 2008 1563 2102 γραφῆ,
1587 2008 1662 2084 τοῦ·
1679 1982 1726 2085 όάν
1750 1981 1819 2097 ίόόιι

352 2119 494 2186 ναντίον
532 2117 567 2183 δὲ
597 2115 702 2181 πᾶσαι
732 2105 1023 2198 ἀντιφθέγγονται
1058 2114 1114 2179 καί
1146 2105 1451 2198 ἀντιμαρτυροῦσιν
1488 2129 1565 2194 ταῖς
1602 2107 1662 2184 οῦκ
1689 2094 1752 2183 ἀλλὰ
1767 2097 1807 2150 ²⁰³

1678 2184 1713 2233 μυ
1730 2185 1755 2219 ια
1776 2158 1820 2218 διε·

352 2208 470 2300 ὀρθῶς
501 2207 597 2300 αὐτῷ
622 2219 918 2298 παραληφθείσαις
945 2205 1141 2298 διηγήσεσιν.
1185 2201 1269 2295 ὅπερ
1300 2213 1400 2299 ἐχρῆν
1429 2207 1579 2298 μάλιστα
1608 2216 1662 2285 55¹
1679 2184 1819 2303 ρῶιιίιρί

351 2331 426 2394 τοῖς
447 2308 513 2382 τὸν
534 2309 641 2397 ἄνδρα
663 2315 808 2397 τιμῶσιν
830 2314 1051 2395 ἐνδείξασθαι,
1073 2303 1200 2397 μήποτ’
1223 2307 1289 2396 άρα
1312 2337 1362 2390 τις
1385 2304 1504 2382 αῦτῶν
1527 2307 1662 2402 ἀπειρίη
1688 2305 1733 2368 τίς
1747 2297 1812 2385 3⁹⁰?

351 2418 425 2483 τῶν
448 2417 556 2482 θείων
579 2404 859 2497 ἀναγνωσμάτων
881 2404 1060 2496 τυγχάνειν
1075 2404 1182 2479 αάτὸν
1198 2413 1261 2479 τοῦ
1275 2412 1336 2496 τῆς
1351 2402 1518 2497 ἀληθείας
1533 2415 1663 2482 σκοποῦ
1679 2452 1744 2500 ,ἕως
1761 2385 1819 2488 ῆί,

299 2521 333 2575 20
351 2517 526 2598 νομίσειεν.
571 2514 626 2579 καὶ
648 2507 689 2596 δὴ
712 2512 818 2578 τοῦτο
844 2512 988 2592 πρῶτον
1015 2511 1276 2597 διασκοπητίον,
1301 2500 1320 2576 ό
1343 2505 1384 2598 δῆ
1406 2514 1463 2578 καί
1486 2514 1695 2599 <πρῶτον>2
1747 2522 1819 2587 μιςον

351 2607 561 2698 τετόλμηκεν
584 2603 840 2696 ἀποφήνασθαι,
863 2615 946 2693 πρίν
968 2612 1132 2692 τεχθῆναι
1154 2605 1209 2676 διὰ
1231 2611 1293 2694 τῆς
1313 2614 1494 2694 παρθένου
1508 2608 1574 2681 τὸν
1588 2608 1663 2683 υίόν
1694 2604 1739 2661 “³⁹
1758 2600 1804 2657 ῑίίί

351 2714 415 2780 τοῦ
444 2712 530 2781 θεοῦ
559 2705 603 2796 μῆ
634 2710 822 2795 κεκλῆσθαι
852 2705 957 2793 ἑτέρῳ
985 2699 1129 2794 ὀνόματι
1156 2700 1179 2793 ῆ
1209 2701 1323 2794 λόγον.
1364 2703 1450 2796 μήτε
1482 2707 1547 2797 γάρ
1579 2712 1662 2780 είναι
1689 2680 1735 2727 ²⁰²³
1749 2674 1808 2726 Μ

351 2804 458 2879 αῦτόν
481 2835 514 2877 τι
541 2804 609 2894 πρό
637 2810 698 2894 τῆς
724 2800 891 2891 ἐνσάρκου
911 2811 1096 2891 παρουσίας
1123 2809 1127 2891 Ι
1154 2800 1176 2893 ῆ
1206 2801 1326 2893 λόγον,
1357 2802 1435 2896 μήτ’
1458 2803 1662 2897 ω’νομάσθαι
1678 2823 1714 2880 88

351 2908 474 2993 ἑτέρως
496 2905 590 2994 εἰμὴ
613 2904 678 2993 άρα
707 2908 940 2992 προφητικῶς,
972 2897 1077 2990 λόγον
1106 2902 1169 2991 γάρ
1195 2904 1283 2976 είναί
1308 2935 1347 2977 τε
1372 2913 1428 2979 καί
1456 2903 1661 2997 ῶνομάσθαι

299 3015 332 3070 25
351 3013 406 3076 καί
428 3000 528 3076 οῦδὲν
551 3006 669 3094 ἕτερον
692 3001 821 3091 φάσκει,
843 3001 928 3091 μετὰ
950 3008 987 3073 δὲ
1009 3001 1074 3090 τῆν
1089 3003 1254 3091 ἐνσαρκον
1268 3014 1458 3094 παρουσίαν
1481 3004 1661 3097 διαφόρων

349 3112 405 3175 καί
427 3111 502 3176 τῶν
522 3108 719 3191 ἐπηγοριῶν
740 3107 965 3192 τετυχηκέναι.

431 3210 474 3278 20
503 3208 609 3274 τοῦτο
640 3201 681 3291 δὴ
713 3193 775 3273 οῦν
804 3209 950 3290 πρῶτον
985 3205 1138 3275 δεικτέον
1170 3199 1312 3293 ἀμαθῶς
1348 3211 1405 3276 καί
1441 3212 1518 3277 τῶν
1553 3212 1660 3277 θείων
1697 3216 1801 3291 παρισέ·

349 3310 494 3394 γραφῶν
514 3297 796 3391 ἀνεπιστημόνως
819 3297 925 3371 αὐτόν
947 3296 1225 3391 ἀποφηνάμενον.
1688 3304 1807 3411 ἑσεκζξίζ,

433 3403 471 3475 α’.
495 3410 637 3491 πρῶτος
662 3407 723 3489 μὲν
744 3399 808 3491 γὰρ
831 3396 934 3482 αὐτὸς
956 3394 975 3470 ὁ
997 3411 1091 3483 θεῖος
1112 3397 1348 3490 εὐαγγελιστῆς
1368 3398 1543 3495 Ἰωάννης,
1575 3401 1594 3477 ὁ
1620 3405 1659 3494 δὴ
1702 3372 1795 3493 ww)

297 3514 332 3569 30
348 3502 453 3590 λόγον
476 3497 582 3573 αῦτόν
605 3495 767 3584 ἀνειπῶν,
1693 3484 1807 3610 Ψίθᾰῗξ.

431 3598 470 3685 τί.
483 3668 488 3675 ,
501 3596 563 3672 οῦκ
589 3606 636 3681 είς
660 3597 791 3687 μακρὸν
816 3594 890 3670 ἀλλ’
913 3594 1014 3680 εῦθῦς
1035 3606 1092 3670 καὶ
1112 3600 1206 3689 παρὰ
1226 3596 1317 3671 πόδα
1338 3597 1424 3674 θεόν
1445 3597 1555 3674 αὐτὸν
1578 3599 1660 3673 ῶνό-
1687 3572 1806 3696 τῆῆιάηά

348 3724 452 3790 μασεν
482 3697 592 3789 φῆσας
625 3705 698 3769 »καὶ
728 3696 809 3781 θεὸς
840 3690 882 3786 ῆν
913 3692 933 3768 ό
960 3694 1089 3785 λόγοςι.
1131 3695 1317 3788 δυνάμενος
1343 3706 1426 3789 γοῦν
1448 3708 1571 3774 εἰπεῖν·
1605 3708 1660 3772 καί
1691 3690 1801 3827 ξξῇνίίίῆν

1676 3819 1813 3893 ίίλοιςιριό·

434 3920 536 3991 ειςι.
554 3919 600 3973 Νι.
618 3922 703 3975 εε-
731 3919 768 3975 ιε
787 3918 843 3988 vgl.
865 3919 890 3973 s.
909 3919 950 3982 ιε,
969 3920 1001 3974 ιε
1027 3948 1060 3958 -
1088 3919 1159 3975 m
1182 3919 1238 3988 ιρι.
1256 3919 1362 3977 Nm.
1380 3924 1422 3980 ιε.
1440 3923 1481 3978 εε.
1500 3926 1535 3978 ιι
1561 3953 1595 3962 -
1621 3913 1752 3978 τουδί
1780 3906 1813 3942 ‘f'

348 4022 409 4077 Joh.
428 4027 451 4089 1,
470 4025 535 4076 1-
554 4021 592 4076 82
609 4021 669 4075 Joh.
689 4023 712 4087 1,
731 4022 744 4074 1
1685 3966 1803 4033 φαλαιοις.

435 4224 472 4280 ll
492 4224 525 4280 τδ
544 4223 583 4276 V²
599 4226 640 4277 τῶ
658 4222 699 4275 V*
731 4221 736 4289 1
769 4222 808 4277 12
827 4223 973 4291 προῆλθεν
990 4220 1026 4273 Κ]
1059 4222 1063 4288 Ι
1098 4221 1136 4277 1θ
1162 4212 1204 4277 ὧν
1221 4223 1364 4292 βραχείας]
1383 4225 1450 4295 περί
1467 4215 1511 4280 ὧν
1527 4224 1574 4281 διὰ
1591 4229 1657 4296 βρα·

347 4324 441 4395 χέωςθ
459 4325 513 4390 Μο,
532 4322 604 4379 doch
622 4323 827 4392 ngRogisten
846 4328 878 4384 -1-
896 4321 996 4386 uvae?
1014 4321 1088 4376 Zahn
1122 4325 1125 4391 Ι
1159 4323 1199 4379 20
1219 4329 1323 4378 τοῦτον
1341 4324 1366 4377 V
1398 4327 1402 4394 Ι
1435 4332 1555 4397 πρῶτον
1573 4325 1625 4380 We
1653 4338 1656 4355 '

349 4426 421 4482 m
435 4423 506 4495 μηδέ
525 4464 633 4479 .....
650 4419 715 4493 μηδ’
741 4425 779 4491 V,
810 4441 879 4479 corr.
898 4422 933 4477 Kl
965 4423 970 4489 ί
1003 4423 1040 4478 22
1069 4423 1128 4477 hier
1150 4442 1174 4478 ει.
1193 4421 1326 4491 ΜΨ,
1352 4444 1386 4481 zu
1412 4426 1438 4481 Z.
1457 4428 1491 4483 29
1513 4428 1553 4481 V²
1582 4429 1588 4495 1
1619 4426 1657 4481 2⁹

348 4533 464 4599 πρῶτον
486 4544 515 4580 m
546 4528 550 4593 1
584 4526 622 4581 81
649 4519 676 4597 β’
703 4526 763 4580 hier
781 4526 824 4586 Kl.
853 4525 889 4579 da
906 4525 976 4589 θεός
994 4524 1078 4577 sehon
1097 4524 1141 4579 die
1159 4526 1279 4582 zweite
1297 4526 1346 4581 der
1362 4522 1514 4599 ἐπηγορίαι
1532 4528 1580 4595 ἰοί,
1602 4526 1656 4597 ng

349 4629 374 4683 S.
392 4629 433 4695 82,
452 4628 509 4695 6ff.‚
528 4645 578 4683 vor
596 4626 752 4696 δυνάμενος
770 4628 796 4682 Ζ.
814 4628 847 4681 32
865 4626 890 4680 V
