3728 5508
367 496 384 552 4
957 486 1091 541 Eusebius

369 655 455 717 θεοῦ
477 647 684 736 γιγνώσκειν
705 650 913 736 παραδιδοὺς
933 657 990 721 καί
1016 648 1209 738 πνεύματος
1235 646 1333 738 άγίου
1354 658 1610 736 φιλοτιμεῖσθαι
1633 673 1690 733 με·

371 754 495 873 τέχειν·,
518 742 605 835 άπερ
627 744 747 836 μόνων
769 746 811 818 ἂν
833 756 969 838 γένοιτο
993 755 1209 836 Χριστιανων
1225 754 1452 837 γνωρίσματα
1476 738 1545 816 ὧδέ
1561 774 1610 833 πη
1628 774 1692 832 της

372 842 468 935 άγίας
491 854 553 918 τοῦ
571 854 657 918 θεοῦ
678 852 855 937 ἐκκλησίας
881 845 1130 937 ἀφοριζομένης
1157 856 1220 920 τοῦ
1242 846 1422 918 Ἰουδαϊκοῦ
1449 841 1594 931 τρόπου
1640 873 1691 923 ως
1712 870 1747 920 ιε

372 946 435 1034 γάρ
456 950 583 1029 ἐκεῖνος
606 946 671 1035 τὴν
692 946 867 1018 πολίθεον
889 954 944 1018 καὶ
966 945 1163 1037 Ἑλληνικὴν
1185 944 1430 1033 ἀπεδοκίμαζεν
1450 942 1590 1032 πλάνην
1611 917 1692 1024 ἑνός

336 1066 354 1115 5
373 1051 459 1117 θεοῦ
481 1042 654 1136 ὁμολογίᾳ,
676 1039 787 1129 οῦτως
808 1054 862 1118 καὶ
886 1053 947 1136 τῆς
968 1051 1144 1136 ἐκκλησίας
1159 1044 1179 1135 6
1195 1052 1365 1133 ἐξαίρετος
1379 1053 1456 1132 περὶ
1471 1049 1548 1116 υίοῦ
1562 1049 1693 1130 γνῶσις

371 1145 533 1233 κρεῖττόν
555 1154 659 1216 τεκαὶ
682 1154 790 1217 πλέον
805 1153 857 1234 [τι]
880 1144 1065 1234 προῦξένει,
1089 1147 1153 1218 τόν
1175 1143 1282 1216 αὐτόν
1303 1145 1389 1216 θεὸν
1409 1152 1544 1231 πατέρα
1565 1146 1691 1211 εἰδέναι

373 1253 579 1333 μονογενοῦς
610 1250 685 1316 υίοῦ
716 1243 933 1328 διδάσκουσα,
964 1243 1105 1333 άληθῶς
1135 1250 1210 1316 υίοῦ
1240 1239 1343 1327 ὄντος
1375 1251 1432 1314 καὶ
1464 1250 1597 1329 ζῶντος
1634 1248 1692 1309 καὶ

372 1341 581 1430 ὑφεστῶτος.
627 1344 694 1428 νοός
724 1344 788 1432 γάρ
819 1342 837 1415 6
864 1345 979 1434 πατὴρ
1006 1345 1099 1433 ζωὴν
1121 1350 1185 1433 ἔχει
1206 1349 1246 1415 έν
1267 1346 1376 1433 ἑαυτῷ
1399 1338 1531 1425 ίοῦτως
1556 1350 1614 1413 καί
1639 1348 1694 1430 τῷ

373 1448 436 1532 υίῷ
460 1447 587 1514 ἔδωκεν
610 1445 703 1533 ζωὴν
725 1450 812 1533 ἔχειν
833 1449 870 1515 ἐν
898 1446 1041 1533 ἑαυτῷ(
1079 1441 1183 1527 αὐτὸς
1212 1451 1325 1532 λέγων
1351 1448 1525 1514 ἐδίδασκεν
1547 1438 1566 1514 6
1589 1471 1694 1531 μονο

321 1562 355 1614 16
374 1543 473 1631 γονης
498 1549 560 1614 τοῦ
584 1551 682 1623 θεοῦ,
706 1540 747 1613 ἵν’
771 1537 790 1630 6
813 1554 868 1614 καὶ
891 1540 912 1615 6
932 1545 1046 1632 πατὴρ
1068 1542 1209 1632 άληθῶς
1232 1543 1348 1632 πατὴρ
1374 1540 1429 1629 (οῦ
1450 1551 1545 1632 μέχρι
1568 1548 1695 1630 φωνῆς
1715 1564 1749 1616 15

376 1634 444 1711 εῦδέ
456 1671 505 1730 πη
525 1651 752 1731 χρηματίζων,
769 1639 846 1713 οῦδὲ
863 1650 968 1733 ψευδῆ
982 1650 1186 1731 κεκτημένος
1202 1644 1266 1733 τὴν
1281 1648 1523 1731 προσηγορίαν,
1544 1638 1694 1730 ἀληθείη

374 1747 487 1811 δὲκαὶ
511 1745 598 1829 έργω
626 1742 784 1829 πατὴρ
763 1747 838 1814 υίοῦ
863 1749 1080 1870 μονογενοῦς)
1106 1749 1162 1815 καὶ
1184 1738 1204 1813 6
1227 1741 1300 1824 υίὸς
1321 1739 1465 1830 άληθῶς
1486 1737 1568 1821 υίός.
1612 1735 1633 1809 6
1656 1745 1692 1808 δὲ

374 1839 479 1923 ψιλόν
512 1839 618 1926 λόγον
644 1840 730 1910 είναι
761 1842 824 1912 τόν
853 1843 930 1913 ιίὸν
958 1839 1211 1964 ἀπολαμβάνων
1240 1851 1297 1910 καὶ
1326 1838 1436 1930 μόνον
1467 1836 1574 1926 λόγον
1605 1840 1693 1908 εῖναι

373 1937 629 2026 μαρτυρόμενος
650 1968 706 2008 και
727 1938 895 2022 πολλάκις
916 1938 1011 2012 τοῦτ’
1035 1939 1119 2013 αὐτὸ
1141 1949 1253 2029 λέγων
1275 1939 1323 2022 ιῦς
1345 1938 1483 2011 οῦδεν”
1466 1967 1600 2058 eteoov·
1611 1930 1657 2025 ἦν
1673 1933 1694 2024 6

322 2059 355 2111 15
375 2034 486 2124 λόγος,
509 2040 611 2108 ἔνδον
633 2046 748 2126 μένων
774 2038 853 2108 ἐν
834 2037 1034 2127 ησυχάζοντι
1056 2049 1107 2129 τῷ
1134 2048 1237 2126 πατρὶ
1260 2045 1410 2127 ένεργων
1431 2045 1467 2110 δὲ
1489 2043 1527 2108 ίν
1549 2045 1603 2126 τῷ
1627 2037 1695 2125 τὴν

374 2144 486 2205 κτίσιν
509 2144 731 2224 δημιουργεῖν.
754 2134 880 2225 ὁμοίως
902 2146 953 2227 τῷ
976 2114 1128 2227 ἡμετέρῳ
1151 2144 1189 2209 ίν
1210 2146 1390 2208 σιωπῶσιν
1408 2145 1470 2227 μὲν
1486 2110 1695 2226 ἡσυχάζοντι

374 2241 412 2306 ἐν
443 2242 478 2304 δὲ
510 2243 758 2324 φθεγγομένοις
787 2241 995 2325 ίνεργοῦντι,
1033 2243 1136 2325 δῆλος
1166 2235 1209 2307 ἀν
1240 2243 1290 2326 εἴη
1320 2235 1491 2328 Ἰουδαϊκῷ
1528 2267 1600 2309 τινι
1636 2245 1694 2307 καὶ

375 2334 588 2423 ἀνθρωπίνῳ
620 2340 817 2422 συντρέχων
847 2338 1040 2423 φρονήματι
1072 2336 1134 2407 τόν
1164 2333 1196 2405 δ’
1228 2334 1371 2426 ἀληθοῦς
1403 2339 1481 2409 υίόν
1509 2344 1576 2409 τοῦ
1607 2343 1697 2406 θεοῦ

374 2431 591 2523 ἀρνούμενος.
628 2441 657 2503 εί
679 2442 763 2521 γοῦν
786 2465 837 2516 τις
857 2433 1030 2505 Ἰουδαίων
1051 2432 1163 2522 ἔροιτό
1187 2465 1273 2511 τινα,
1295 2443 1324 2507 εί
1345 2434 1452 2525 λόγον
1473 2432 1575 2525 έχειό
1599 2433 1697 2557 θεός.
1717 2454 1752 2507 16

323 2551 358 2603 ‘26
375 2531 518 2615 πάντως
540 2564 609 2604 που
630 2533 742 2623 ρήσει
769 2538 840 2604 ἐπεὶ
863 2542 928 2603 [καὶ
951 2534 1066 2623 λόγον]
1089 2543 1145 2605 καὶ
1167 2532 1289 2663 λόγους
1310 2540 1487 2619 πλείον”ς
1471 2564 1562 2624 εχειν
1584 2533 1697 2607 αὐτόν

376 2630 616 2720 ὁμολογήσειεν
638 2626 990 2714 ἂνἸοιδαίωνάπας.
1013 2627 1067 2704 ότι
1089 2639 1200 2704 δὲκαὶ
1222 2634 1394 2723 ιίόνέχει,
1417 2632 1591 2706 ουκετ’ἂν
1613 2630 1697 2756 δμο·

376 2730 551 2819 λογήσειεν
573 2737 767 2819 ἐρωτηθείς.
798 2739 827 2801 εί
849 2738 884 2801 δε
905 2731 950 2821 μὴ
971 2730 1141 2802 Ἰουδαίων
1163 2730 1237 2804 ἀλλ’
1261 2732 1462 2805 ἐπισκόπων
1483 2764 1536 2817 τις
1559 2734 1698 2817 ταύτην
1719 2756 1751 2808 1ῖ

376 2828 545 2917 είσαγάγοι
569 2830 633 2918 τὴν
656 2828 767 2915 δόξαν.
790 2831 896 2918 λόγον
918 2828 1025 2901 αὐτόν
1045 2830 1154 2917 μόνον
1175 2831 1328 2914 διδοῦς
1310 2841 1491 2922 ηνωμένον
1513 2842 1567 2923 τῷ
1592 2843 1738 2923 θεῴθ

375 2937 432 2998 καί
462 2935 592 2998 τοῦτον
622 2932 707 2998 είναι
738 2927 847 3000 ἀίδιον
872 2938 927 2999 καί
950 2926 1198 3057 άγέννητονίν
1178 2960 1257 3001 ντε
1280 2935 1365 3003 είναι
1389 2941 1446 3003 καὶ
1478 2932 1613 3005 τοῦτὸν
1644 2943 1698 3024 τοῦ

323 3044 358 3097 25
376 3034 459 3115 θεῷ
481 3023 645 3113 ὀνόμασιν
666 3056 727 3114 μεν
756 3026 933 3114 διαηόροις
947 3030 1090 3151 ’πατρὸς
1118 3036 1175 3098 καὶ
1205 3035 1280 3100 ιίοῦ
1310 3042 1566 3157 χρηματίζοντα
1598 3032 1700 3126 οὐσίᾳ

376 3133 487 3196 δὲκαὶ
512 3123 694 3197 ῦποστάοει
716 3130 752 3195 ἓν
775 3121 875 3201 όν,τα
906 3136 982 3210 πῶς
1012 3126 1054 3200 66
1084 3128 1235 3215 δι’γλος“
1217 3160 1260 3200 αν
1291 3140 1427 3219 γένοιτο
1455 3132 1606 3221 τὸνμὲν
1629 3110 1700 3205 Σά·

375 3233 512 3309 βέλλιον
538 3222 784 3312 ῦποδυόγνενος,
818 3234 878 3343 της
908 3226 940 3298 δ’
973 3232 1011 3297 έν
1038 3234 1175 3315 Χριστῷ
1207 3229 1368 3316 γνωσειῦς
1399 3241 1523 3301 τεκαὶ
1555 3231 1702 3321 χάριτος

378 3328 667 3444 6260161666‘6033
701 3321 777 3394 οῦδὲ
822 3326 884 3412 γὰρ
924 3338 1035 3412 ζητεῖν
1071 3323 1145 3397 066'
1186 3323 1411 3414 ἀμφιβάλλειν
1447 3328 1574 3403 οῦδὲ
1559 3338 1702 3418 ἐρωτᾶν

375 3421 435 3503 (οῦ
455 3444 534 3505 τοῖς.
551 3426 609 3492 εί
596 3452 637 3509 ην
651 3453 741 3492 και
728 3430 841 3511 προῆν
863 3421 882 3494 6
904 3425 1089 3513 μονογενὴς
1111 3427 1183 3508 υίὸς
1206 3434 1378 3501 τοῦθεοῦ
1402 3458 1500 3519 οτη,
1514 3437 1703 3520 ἐκκλησία

323 3539 358 3591 30
376 3519 600 3607 ἐπιτρέποι”
582 3549 624 3589 αν
652 3519 789 3609 θεσμός
822 3519 1073 3610 ὁμολογουμένη
1104 3530 1140 3595 δὲ
1170 3555 1225 3595 και
1252 3524 1479 3617 άναμφιβόλῳ
1502 3535 1561 3602 31¹
1583 3542 1702 3603 πίστει

377 3620 439 3689 οῦν
459 3628 582 3689 πολλοῦ
607 3617 725 3737 θάρρει
748 3630 803 3689 καὶ
825 3630 994 3712 παρρησίᾳ
1017 3620 1213 3694 διδάσκει
1179 3654 1243 3694 τον
1257 3624 1344 3695 θεὸν
1358 3634 1495 3713 πατέρα
1518 3631 1607 3699 είιαι
1624 3636 1703 3701 υίοῦ

378 3725 443 3787 τοῦ
464 3725 672 3841 μονογενοῦς
695 3715 885 3805 ὁμολογεῖν,
916 3728 972 3790 καὶ
1001 3720 1101 3846 μητε
1113 3721 1176 3791 τὸν
1202 3730 1334 3811 πατέρα
1365 3725 1442 3796 ιίόν
1470 3730 1560 3798 εῖναι
1589 3759 1609 3817 η
1636 3731 1703 3802 τόν

378 3816 456 3885 είὸν
476 3823 609 3901 ποτέρα
633 3827 727 3904 νομί
730 3844 792 3887 ειν
814 3818 902 3889 ἀλλα
925 3819 988 3889 τὸν
1005 3817 1248 3909 μενάγέιητον
1268 3832 1323 3892 καὶ
1341 3821 1454 3896 ἀίδιον
1469 3828 1565 3896 καί
1544 3858 1703 3918 αναρχον

376 3923 432 3983 καὶ
454 3922 600 3999 πρῶτον
626 3945 682 3984 και
703 3914 812 4003 μόιον
838 3926 968 4003 πατέρα
990 3925 1108 4001 σέβειν
1131 3920 1195 3989 τόν
1217 3929 1250 3991 δὲ
1274 3926 1312 3991 ἐκ
1334 3927 1556 4011 τοῦπατρὸς
1580 3956 1702 4017 γεννη-

462 4143 482 4196 8
508 4142 571 4194 Joh.
600 4148 625 4199 5,
649 4146 682 4195 ‘26
708 4174 741 4181 —
771 4147 839 4199 12!st
864 4147 918 4211 τρὶ.
938 4147 1060 4199 Marcell.
1086 4147 1193 4202 1642.
1216 4154 1257 4203 43.
1280 4152 1321 4203 Sl.
1345 4153 1387 4205 62.
1410 4158 1452 4207 54,
1476 4158 1518 4208 55.
1538 4159 1581 4217 56,
1610 4158 1705 4211 semer

377 4245 404 4296 S.
425 4244 464 4301 13.
483 4248 546 4297 6:11·
561 4273 592 4280 -
612 4243 684 4298 *ΞΜ
700 4245 753 4312 vgl.
773 4245 819 4298 Nr.
837 4250 878 4298 61,
896 4248 937 4299 25
955 4250 995 4299 θ’).
1014 4252 1047 4301 55
1065 4266 1129 4300 usw.

466 4428 479 4480 l
502 4430 573 4479 θεοῦ
591 4445 610 4493 μ
628 4426 697 4479 θεὸν
718 4427 739 4475 V
756 4430 794 4491 16
813 4447 835 4480 τι
855 4432 901 4480 stt.
922 4430 958 4479 6²
973 4432 976 4463 ἶ
992 4430 1032 4485 8ῐ
1048 4425 1137 4495 οῦτοις
1150 4464 1181 4471 -
1196 4430 1300 4505 {616²
1318 4448 1361 4487 mr
1381 4442 1386 4489 1
1413 4439 1452 4492 14
1472 4437 1489 4505 ἢ
1507 4439 1545 4492 Κί
1565 4438 1583 4494 6
1603 4442 1650 4509 Vl
1671 4444 1705 4497 λθ

378 4524 434 4596 ἔχει
456 4525 507 4578 We
526 4522 585 4593 έχοι
607 4527 627 4575 V
666 4528 726 4579 261
740 4529 787 4579 καί
806 4528 894 4595 λόγον
911 4532 956 4580 sir.
976 4529 1010 4580 Kl
1031 4534 1035 4593 Ι
1056 4534 1091 4585 21
1113 4530 1218 4587 {Jrawe
1236 4535 1298 4589 {CV
1319 4538 1324 4601 Ι
1344 4538 1386 4592 24
1405 4542 1457 4594 τὸν
1476 4538 1568 4595 atuh·
1580 4544 1614 4603 Y.
1634 4561 1705 4598 corr.

378 4642 419 4679 mr
447 4630 452 4692 Ι
480 4628 520 4679 2⁸
539 4625 602 4678 οὐδὲ
623 4644 648 4676 m
668 4625 784 4679 οίδενΐ
809 4674 813 4691 ,
838 4628 874 4682 26
892 4628 987 4691 αὐτοῖς
1007 4630 1040 4681 Κί
1059 4640 1117 4695 τοῖς
1134 4636 1322 4702 βουλομένοις
1340 4638 1379 4690 V²
1397 4643 1466 4695 a.R
