3698 5510
562 509 597 565 do
614 510 801 566 ecclesiastiea
817 509 959 580 theologia
975 511 990 565 I
1009 511 1109 565 1213.
1454 518 1493 581 73

261 678 305 748 1³
328 673 444 764 ἐπειδή
466 674 530 764 γάρ
553 668 574 764 ἦ
595 680 671 744 τῶν
692 669 887 762 γεγονότων
910 670 1017 760 φύσις,
1047 678 1086 746 ἐν
1107 674 1260 765 σῶμασιν
1281 671 1381 748 κάλ’
1360 672 1494 763 ασωμά-
1519 694 1565 756 3η
1583 698 1671 770 my.

180 799 251 856 τοις
282 771 448 864 ἐμψύχοις
478 803 515 845 τε
544 779 600 844 καί
630 770 773 862 ἀψύχοις
805 784 953 863 λογικοῖς
980 781 1098 845 τεκαὶ
1126 769 1264 863 ἀλόγοις
1290 786 1434 865 θνητοῖς
1455 802 1493 846 τε
1527 768 1595 825 καῑα
1612 770 1662 824 ²⁶³²

179 879 234 941 καὶ
256 866 451 957 ἀθανάτοις
479 871 520 944 τό
547 870 715 961 διάφορον
745 878 947 963 κεκτημένη,
978 879 1029 962 τῶ
1059 869 1144 992 ῦπὲρ
1175 871 1323 947 πάντων
1352 880 1408 944 καί
1437 878 1494 945 ἐπί
1510 837 1679 970 imm„

177 968 327 1044 πάντων
353 980 427 1063 θεῷ
449 968 609 1060 πελάζειν
634 978 689 1043 καί
716 979 790 1044 τῶν
816 978 822 1060 Ι
850 977 912 1062 τῆς
939 968 1046 1045 αύτοῦ
1072 969 1242 1062 θεότητος
1266 980 1493 1063 μαρμαρυγῶν
1514 988 1551 1047 74
1585 988 1679 1058 ήτοῡ

148 1066 240 1160 ῦούχ
262 1074 321 1143 οία
343 1101 384 1145 τε
405 1065 448 1163 ἦν
468 1080 622 1163 μετέχειν
642 1067 688 1143 δι
710 1069 906 1194 ὑπερβολήν
927 1077 990 1162 τῆς
1011 1067 1081 1145 άπὸ
1096 1101 1160 1145 του
1144 1079 1375 1163 κρείττονος
1389 1077 1493 1146 ἐλλεί
1528 1067 1593 1128 ”²0⁶
1610 1067 1667 1128 ἕπε·

178 1189 281 1255 φεως,
305 1170 451 1293 μακράν.
461 1179 497 1244 δὲ
518 1181 574 1244 καὶ
595 1168 814 1262 πορρωτάτω
837 1169 968 1259 φύσεως
990 1167 1147 1264 ἀσθενείᾳ
1170 1171 1398 1245 διῶλισθεν”
1376 1203 1433 1257 αν,
1466 1176 1494 1244 εί
1542 1141 1651 1197 Μία

177 1269 221 1360 μή
244 1276 337 1343 θεοῦ
357 1277 513 1362 σωτῆρος
535 1277 653 1361 ἔτυχεν
674 1277 817 1359 βοηθοῦ,
848 1267 1040 1354 εἰκότως(
1020 1301 1041 1361 η
1068 1271 1218 1362 πατρική
1246 1280 1493 1360 φιλανθρωπία

177 1369 240 1442 τόν
264 1366 376 1443 αῦτοῦ
396 1377 563 1462 μονογενῆ
585 1379 690 1445 παῖδα
711 1375 766 1443 ἐπὶ
788 1377 893 1444 πᾶσιν
917 1378 1076 1462 καθίστη,
1103 1378 1158 1442 καί
1185 1370 1240 1443 διά
1261 1368 1408 1445 πάντων
1426 1399 1492 1461 χω-

177 1476 310 1557 ροῦντα
346 1478 403 1543 καὶ
433 1490 507 1555 τοῖς
536 1477 641 1543 πᾶσιν
670 1475 920 1542 ἐπιστατοῦντα
949 1478 1005 1543 καὶ
1036 1470 1098 1554 τάς
1127 1474 1163 1557 ἐξ
1198 1471 1305 1543 αύτοῦ
1332 1478 1492 1562 χορηγίας

131 1581 161 1637 10
176 1568 385 1660 ἐπάρδοντα.
427 1568 574 1642 πάντων
594 1569 658 1660 γὰρ
680 1566 819 1658 ἀθρόως
841 1578 915 1643 τῶν
937 1599 974 1642 τε
996 1566 1070 1642 κατ’
1094 1567 1244 1657 ούρανόν
1264 1576 1321 1642 καὶ
1341 1578 1417 1643 τῶν
1437 1576 1493 1642 ἐπὶ
1526 1575 1543 1628 ‘2

177 1677 237 1759 γῆς
264 1676 414 1761 ποιμένα
443 1678 498 1742 καὶ
528 1677 667 1759 σωτῆρα
697 1667 865 1759 κηδεμόνα
896 1699 933 1741 τε
964 1678 1019 1742 καί
1051 1668 1187 1758 φύλακα
1212 1677 1269 1740 καὶ
1295 1668 1415 1758 ἰατρόν
1435 1678 1492 1742 καὶ

176 1769 393 1861 κυβερνήτην
413 1766 523 1860 μόνον
545 1765 653 1842 αύτόν
674 1764 693 1841 6
716 1767 880 1859 γεννήσας
902 1766 1070 1857 ἀνέδειξεν
1083 1767 1208 1860 πατήρ,
1231 1776 1293 1860 τῆς
1308 1777 1382 1841 τῶν
1396 1762 1491 1841 όλων

176 1866 375 1955 συστάσεῶς
397 1898 434 1941 τε
455 1877 512 1940 καὶ
533 1867 732 1959 διοικήσεως
751 1866 849 1960 μόνῳ
870 1869 951 1953 τούς
966 1873 1084 1952 οίακας
1097 1874 1287 1960 ἐγχειρίσας,
1312 1862 1493 1941 όδιδάσκει

176 1975 292 2058 λέγων
316 1966 420 2052 αύτός
444 1967 576 2042 »πάντα
595 1998 653 2058 μοι
675 1965 852 2060 παρεδόθη
874 1966 942 2040 ύπό
965 1974 1029 2042 τοῦ
1049 1965 1181 2057 πατρός
1201 1996 1284 2058 μουτ
1310 1975 1365 2039 καί
1393 1960 1493 2053 αῦθις

130 2082 159 2135 15
179 2064 217 2139 »6
239 2068 307 2158 γάρ
328 2069 442 2160 πατὴρ
464 2080 557 2157 φιλεῖ
575 2070 641 2141 τόν
661 2066 746 2153 υἱόν,
768 2075 823 2140 καί
844 2067 960 2142 πάντα
982 2074 1130 2141 δέδωκεν
1145 2072 1183 2140 ἐν
1198 2097 1240 2157 τη
1224 2075 1339 2158 χειρὶ
1353 2065 1492 2140 αύτοῦι

176 2163 252 2259 66'
277 2166 337 2241 σία
361 2167 469 2256 σοφός
498 2166 704 2259 κυβερνήτης
730 2166 795 2241 τὸν
819 2174 949 2290 κλῆρον
975 2168 1067 2256 παρά
1096 2173 1160 2241 τοῦ
1181 2168 1312 2257 πατρὸς
1333 2165 1431 2242 531‘
1409 2196 1491 2240 υπο-
1525 2179 1542 2233 3

167 2275 385 2359 δεδεγμένος,
407 2268 524 2353 ἐπιβάς
546 2276 609 2341 τοῦ
631 2267 827 2358 σύμπαντος
852 2266 980 2359 κόσμου
1010 2267 1084 2340 ἀνω
1116 2295 1155 2338 τε
1184 2265 1272 2357 πρός
1298 2266 1363 2340 τόν
1385 2265 1491 2340 αύτοῦ

176 2374 312 2459 πατέρα
333 2367 573 2457 βλέπωνᾎάγει
592 2374 764 2457 καὶφέρει
777 2374 1020 2491 πηδαλιουχῶν
1041 2366 1082 2439 τό
1104 2374 1184 2451 πάν,
1207 2363 1341 2439 ούδέτο
1357 2364 1490 2455 σμικρό-

178 2495 292 2539 τατον
322 2476 396 2540 τῶν
426 2472 597 2556 δεομένων
626 2474 687 2557 τῆς
717 2473 752 2554 ἐξ
779 2464 885 2540 αύτοῦ
908 2474 1068 2557 χορηγίας
1094 2471 1261 2553 παρορῶν
1288 2463 1364 2538 066'
1391 2462 1491 2554 ύπερ-

127 2581 159 2635 20
177 2574 326 2654 φρονῶν
347 2574 422 2638 τῶν
441 2563 676 2656 βραχυτάτων·
720 2565 774 2638 διὸ
804 2566 845 2657 δὴ
875 2585 949 2651 τοις
970 2573 1074 2640 πᾶσιν
1096 2562 1328 2652 ἐπιπάρεστιν,
1358 2563 1489 2655 ἑκάστῳ

175 2673 291 2754 νέμων
319 2664 361 2738 τά
390 2663 585 2755 πρόσφορα,
617 2674 660 2756 τῇ
691 2696 728 2739 τε
759 2672 833 2739 τῶν
864 2662 959 2740 όλων
984 2673 1151 2757 θεραπείᾳ
1177 2670 1276 2754 δίκην
1302 2670 1424 2755 ίατροῦ
1445 2665 1490 2736 τά

175 2760 322 2855 ἀρμόδια
352 2765 439 2855 πρός
469 2774 644 2856 σωτηρίαν
674 2772 843 2854 ἐπαρκῶν
899 2759 984 2839 ὅθεν
1020 2761 1163 2849 είκότως
1198 2759 1277 2836 ούδὲ
1307 2769 1372 2836 τοῦ
1400 2764 1489 2836 κατὰ
1522 2785 1540 2836 4

175 2862 421 2954 ἄνθρωπον
399 2864 675 2989 υπερεφρόνησεν
703 2873 790 2952 βίου,
827 2863 914 2939 ἀλλὰ
944 2872 1000 2936 καὶ
1034 2862 1141 2937 πάλαι
1159 2861 1332 2954 πρότερον
1358 2881 1432 2947 τοῖς
1453 2867 1489 2951 ἐξ

176 2971 306 3049 αίῶνσς
328 2972 506 3053 φιλοθέοις
526 2962 688 3055 ἀνδράσιν
718 2967 783 3055 τήν
805 2969 840 3052 ἐξ
861 2961 969 3037 αύτοῦ
990 2982 1149 3054 παρεῖχεν
1175 2968 1387 3050 ἐπικουρίαν,
1421 2955 1487 3035 ῶδε

128 3073 237 3156 λομεν
259 3069 330 3156 (ἐν)
351 3064 558 3158 ἀνθρωπείῳ
589 3064 733 3157 σχήματι
763 3084 836 3146 τοῖς
855 3060 1019 3152 Εβραίων
1044 3061 1284 3153 προπάτορσιν
1310 3059 1488 3150 ἐπιφαινό-

175 3194 279 3252 μενος
301 3158 368 3239 ῶδε
391 3171 426 3237 δέ
448 3183 521 3249 τοῖς
547 3165 685 3239 τούτων
711 3161 896 3254 ἀπογόνοις
926 3160 1106 3252 άρμοδίους
1137 3157 1402 3251 διαταττόμενος
1432 3159 1488 3234 νό·

175 3293 275 3353 μους,
306 3260 370 3355 ήδη
401 3271 436 3336 δὲ
466 3272 522 3336 καὶ
553 3283 626 3348 τοῖς
655 3270 836 3356 μετέπειτα
866 3261 921 3336 διὰ
952 3268 1148 3352 προφητῶν
1173 3259 1360 3351 μελλούσης
1380 3259 1489 3335 αύτού

176 3357 428 3452 θεοφανείας”
406 3387 532 3436 απασιν
552 3363 737 3454 ἐκλάμψειν
763 3361 964 3451 ἀνθρώποις
995 3367 1145 3449 ἐξεδίδου
1173 3366 1395 3451 θεσπίσματα.
1439 3357 1488 3445 ῶς
1522 3385 1539 3439 5

178 3470 213 3536 δε
235 3460 255 3538 6
284 3462 421 3536 τούτων
445 3462 639 3555 παρήλαυνε
666 3460 803 3553 χρόνος,
835 3466 944 3552 ἔργοις
974 3458 1125 3551 ἐπλήρου
1145 3467 1304 3533 παλαιῶν
1329 3467 1489 3551 χρησμῶν

130 3578 162 3633 30
178 3561 451 3653 ἀποτελέσματα,
477 3572 533 3636 καὶ
555 3565 595 3655 δή
617 3569 732 3653 παρῆν
755 3562 880 3636 λοιπόν
902 3560 1023 3650 ἀναμίξ
1049 3567 1101 3651 τῷ
1124 3565 1246 3650 θνητῷ
1269 3567 1333 3651 βίῳ
1355 3585 1489 3651 συναγε-

179 3658 376 3753 λαζόμενος,
408 3658 511 3746 αύτός
531 3693 569 3736 τε
590 3655 635 3753 ήν
657 3660 676 3734 6
699 3660 763 3735 τοῦ
784 3668 869 3735 θεοῦ
889 3659 1075 3750 μονογενής
1097 3657 1169 3741 υίὸς
1192 3656 1240 3741 ῶς
1262 3662 1300 3730 έν
1321 3656 1489 3750 ἀγάλματι

178 3772 277 3854 θείῳ,
299 3769 350 3852 τῷ
373 3768 437 3834 τοῦ
458 3763 615 3853 σώματος
636 3758 780 3852 ὀργάνῳ,
804 3769 856 3852 τῶ
871 3768 946 3833 τῶν
961 3757 1164 3850 ἀνθρώπων
1178 3766 1380 3849 καθομιλῶν
1401 3766 1489 3850 γένει

178 3869 420 3945 διδασκαλίαις,
451 3871 661 3951 θεραπείαις,
692 3867 816 3935 ἐνθέου
842 3868 964 3948 σοφίας
990 3855 1199 3949 ἀπορρήτοις
1220 3857 1449 3948 παιδεύμασιν.
1482 3868 1485 3893 “
1523 3870 1605 3941 θιλθ

178 3959 244 4053 ήδη
276 3968 311 4034 δε
342 3957 459 4033 αύτῶν
487 3967 582 4051 μέχρι
611 3958 769 4034 θανάτου
797 3968 918 4032 πυλῶν
948 3956 1094 4049 ήλαυνεν
1123 3964 1293 4045 πατρικοῦ
1323 3956 1488 4048 νεύματος

132 4076 163 4132 36
177 4058 433 4149 ύπερβαλλούση
456 4068 716 4152 φιλανθρωπίᾳ,
743 4057 791 4144 ῶς
814 4057 857 4131 ἂν
877 4066 933 4130 καί
955 4059 1036 4141 τοῦς
1058 4063 1138 4147 τῇδε
1160 4063 1221 4146 τῆς
1243 4056 1367 4131 ἑαυτοῦ
1387 4086 1488 4130 κατα-

180 4163 333 4250 ξιῶσειεν
352 4157 501 4250 χάριτος,
524 4165 579 4231 ἐπὶ
601 4162 666 4250 τήν
687 4155 766 4250 παρ’
789 4156 883 4249 αύτῷ
912 4157 1004 4248 ζωήν
1031 4154 1224 4239 ἀνελκύσας.
1268 4152 1362 4228 σύτω
1387 4154 1488 4239 »θεὸς

265 4332 303 4388 14
319 4331 419 4386 Matth.
438 4334 478 4397 11,
497 4331 537 4385 27.
566 4329 636 4384 Ιιυίε.
656 4332 696 4394 10,
705 4331 739 4384 22
757 4359 790 4368 -
810 4329 846 4384 15
865 4329 927 4384 Joh.
945 4329 970 4392 3,
979 4332 1013 4387 35
1031 4356 1061 4367 -
1084 4327 1144 4383 ln
1159 4324 1491 4396 vglssuseb.1,231,26f

178 4462 212 4473 -
231 4433 267 4489 66
283 4435 309 4488 11
327 4433 392 4488 Kor.
410 4434 434 4500 θ,
454 4435 486 4488 19

265 4584 303 4640 25
322 4579 353 4640 ἐν
371 4581 424 4637 We
455 4584 460 4651 Ι
493 4583 530 4639 27
559 4581 725 4653 προφητῶν]
749 4589 781 4646 ÷
805 4587 854 4650 τῆς
873 4579 925 4635 We
956 4582 961 4647 Ι
992 4578 1031 4636 29
1058 4581 1223 4651 παρήλαυνε
1241 4580 1288 4635 Mo
1306 4580 1488 4651 προσήλαυνε

181 4685 205 4738 V
237 4688 242 4753 Ι
274 4685 314 4741 80
331 4690 427 4757 παρῆν
446 4685 488 4739 Ga
505 4684 608 4756 παρείη
628 4684 652 4736 V
684 4686 688 4750 1
721 4683 760 4739 34
779 4678 918 4752 θανάτου]
937 4673 1009 4758 ᾅδου
1026 4694 1068 4735 mr
1091 4687 1123 4749 -λ-
1141 4681 1221 4737 τῶνλ
1239 4681 1316 4735 Zahn
