<?xml version="1.0" encoding="UTF-8"?>
<!DOCTYPE html PUBLIC "-//W3C//DTD XHTML 1.0 Transitional//EN"
    "http://www.w3.org/TR/xhtml1/DTD/xhtml1-transitional.dtd">
<html xmlns="http://www.w3.org/1999/xhtml" xml:lang="en" lang="en">
 <head>
  <title>
</title>
<meta http-equiv="Content-Type" content="text/html;charset=utf-8" />
  <meta name='ocr-system' content='tesseract 3.04.00' />
  <meta name='ocr-capabilities' content='ocr_page ocr_carea ocr_par ocr_line ocrx_word'/>
</head>
<body>
  <div class='ocr_page' id='page_1' title='image "./diegriechischen01religoog/diegriechischen01religoog_0125.png"; bbox 0 0 3698 5510; ppageno 0'>
   <div class='ocr_carea' id='block_1_1' title="bbox 608 468 1515 561">
    <p class='ocr_par' dir='ltr' id='par_1_1' title="bbox 608 468 1515 561">
     <span class='ocr_line' id='line_1_1' title="bbox 608 468 1515 561; baseline 0.003 -17"><span class='ocrx_word' id='word_1_1' title='bbox 608 468 1118 561; x_wconf 62' lang='grc' dir='ltr'><strong><em>εοιαιααισαιεωιοέςειιεο.</em></strong></span> <span class='ocrx_word' id='word_1_2' title='bbox 1475 499 1515 561; x_wconf 80' lang='lat'><strong><em>67</em></strong></span> 
     </span>
    </p>
   </div>
   <div class='ocr_carea' id='block_1_2' title="bbox 139 646 1699 3529">
    <p class='ocr_par' dir='ltr' id='par_1_2' title="bbox 191 646 1515 943">
     <span class='ocr_line' id='line_1_2' title="bbox 193 646 1515 743; baseline 0.001 -20"><span class='ocrx_word' id='word_1_3' title='bbox 193 646 396 741; x_wconf 84' lang='grc' dir='ltr'><strong><em>αύτολόγον</em></strong></span> <span class='ocrx_word' id='word_1_4' title='bbox 421 661 477 724; x_wconf 84' lang='grc' dir='ltr'><strong><em>καί</em></strong></span> <span class='ocrx_word' id='word_1_5' title='bbox 508 650 753 743; x_wconf 88' lang='grc' dir='ltr'><strong><em>&lt;αύτο&gt;σοφίαν</em></strong></span> <span class='ocrx_word' id='word_1_6' title='bbox 783 659 900 740; x_wconf 81' lang='grc' dir='ltr'><strong><em>σοφῶς</em></strong></span> <span class='ocrx_word' id='word_1_7' title='bbox 922 651 964 724; x_wconf 85' lang='grc' dir='ltr'><strong><em>τὰ</em></strong></span> <span class='ocrx_word' id='word_1_8' title='bbox 985 650 1101 725; x_wconf 83' lang='grc' dir='ltr'><strong><em>πάντα</em></strong></span> <span class='ocrx_word' id='word_1_9' title='bbox 1122 660 1178 725; x_wconf 85' lang='grc' dir='ltr'><strong><em>καὶ</em></strong></span> <span class='ocrx_word' id='word_1_10' title='bbox 1205 662 1351 742; x_wconf 79' lang='grc' dir='ltr'><strong><em>λογικῶς</em></strong></span> <span class='ocrx_word' id='word_1_11' title='bbox 1375 649 1515 742; x_wconf 88' lang='grc' dir='ltr'><strong><em>ύφιστά-</em></strong></span> 
     </span>
     <span class='ocr_line' id='line_1_3' title="bbox 191 744 1515 844; baseline 0.002 -22"><span class='ocrx_word' id='word_1_12' title='bbox 191 748 306 840; x_wconf 89' lang='grc' dir='ltr'><strong><em>μενόν</em></strong></span> <span class='ocrx_word' id='word_1_13' title='bbox 329 781 366 823; x_wconf 90' lang='grc' dir='ltr'><strong><em>τε</em></strong></span> <span class='ocrx_word' id='word_1_14' title='bbox 387 761 444 824; x_wconf 84' lang='grc' dir='ltr'><strong><em>καὶ</em></strong></span> <span class='ocrx_word' id='word_1_15' title='bbox 466 759 672 838; x_wconf 93' lang='grc' dir='ltr'><strong><em>διοικοῦντα,</em></strong></span> <span class='ocrx_word' id='word_1_16' title='bbox 696 744 747 824; x_wconf 86' lang='grc' dir='ltr'><strong><em>ῶν</em></strong></span> <span class='ocrx_word' id='word_1_17' title='bbox 768 751 809 842; x_wconf 89' lang='grc' dir='ltr'><strong><em>δῆ</em></strong></span> <span class='ocrx_word' id='word_1_18' title='bbox 823 749 922 840; x_wconf 83' lang='grc' dir='ltr'><strong><em>χάριν</em></strong></span> <span class='ocrx_word' id='word_1_19' title='bbox 940 752 1125 842; x_wconf 83' lang='grc' dir='ltr'><strong><em>μονογενὴς</em></strong></span> <span class='ocrx_word' id='word_1_20' title='bbox 1140 750 1213 836; x_wconf 87' lang='grc' dir='ltr'><strong><em>υίός</em></strong></span> <span class='ocrx_word' id='word_1_21' title='bbox 1227 760 1291 824; x_wconf 89' lang='grc' dir='ltr'><strong><em>τοῦ</em></strong></span> <span class='ocrx_word' id='word_1_22' title='bbox 1305 759 1390 826; x_wconf 89' lang='grc' dir='ltr'><strong><em>θεοῦ</em></strong></span> <span class='ocrx_word' id='word_1_23' title='bbox 1410 749 1515 844; x_wconf 90' lang='grc' dir='ltr'><strong><em>μόνος</em></strong></span> 
     </span>
     <span class='ocr_line' id='line_1_4' title="bbox 193 846 1150 943; baseline 0.003 -23"><span class='ocrx_word' id='word_1_24' title='bbox 193 846 308 934; x_wconf 77' lang='grc' dir='ltr'><strong><em>αὐτὸς</em></strong></span> <span class='ocrx_word' id='word_1_25' title='bbox 330 860 387 924; x_wconf 85' lang='grc' dir='ltr'><strong><em>καὶ</em></strong></span> <span class='ocrx_word' id='word_1_26' title='bbox 409 849 519 936; x_wconf 87' lang='grc' dir='ltr'><strong><em>ούδείς</em></strong></span> <span class='ocrx_word' id='word_1_27' title='bbox 541 852 648 935; x_wconf 86' lang='grc' dir='ltr'><strong><em>ἀλλος</em></strong></span> <span class='ocrx_word' id='word_1_28' title='bbox 669 848 892 943; x_wconf 71' lang='grc' dir='ltr'><strong><em>ἀνηγόρευται</em></strong></span> <span class='ocrx_word' id='word_1_29' title='bbox 914 879 951 923; x_wconf 93' lang='grc' dir='ltr'><strong><em>τε</em></strong></span> <span class='ocrx_word' id='word_1_30' title='bbox 972 858 1028 922; x_wconf 85' lang='grc' dir='ltr'><strong><em>καὶ</em></strong></span> <span class='ocrx_word' id='word_1_31' title='bbox 1049 854 1150 924; x_wconf 84' lang='grc' dir='ltr'><strong><em>ἐστιν.</em></strong></span> 
     </span>
    </p>

    <p class='ocr_par' dir='ltr' id='par_1_3' title="bbox 155 945 1699 1441">
     <span class='ocr_line' id='line_1_5' title="bbox 281 945 1699 1042; baseline -0.001 -16"><span class='ocrx_word' id='word_1_32' title='bbox 281 958 306 1026; x_wconf 73' lang='grc'>9</span> <span class='ocrx_word' id='word_1_33' title='bbox 329 945 415 1025; x_wconf 80' lang='grc' dir='ltr'><strong><em>ὅθεν</em></strong></span> <span class='ocrx_word' id='word_1_34' title='bbox 437 948 581 1034; x_wconf 88' lang='grc' dir='ltr'><strong><em>είκότως</em></strong></span> <span class='ocrx_word' id='word_1_35' title='bbox 603 951 647 1024; x_wconf 85' lang='grc' dir='ltr'><strong><em>ἄν</em></strong></span> <span class='ocrx_word' id='word_1_36' title='bbox 669 981 721 1035; x_wconf 87' lang='grc' dir='ltr'><strong><em>τις</em></strong></span> <span class='ocrx_word' id='word_1_37' title='bbox 744 957 912 1042; x_wconf 80' lang='grc' dir='ltr'><strong><em>μέμψαιτο</em></strong></span> <span class='ocrx_word' id='word_1_38' title='bbox 928 971 1001 1035; x_wconf 90' lang='grc' dir='ltr'><strong><em>τοῖς</em></strong></span> <span class='ocrx_word' id='word_1_39' title='bbox 1016 959 1138 1041; x_wconf 87' lang='grc' dir='ltr'><strong><em>κτίσμα</em></strong></span> <span class='ocrx_word' id='word_1_40' title='bbox 1155 948 1262 1025; x_wconf 77' lang='grc' dir='ltr'><strong><em>αὐτόν</em></strong></span> <span class='ocrx_word' id='word_1_41' title='bbox 1275 949 1382 1041; x_wconf 83' lang='grc' dir='ltr'><strong><em>φάναι</em></strong></span> <span class='ocrx_word' id='word_1_42' title='bbox 1397 962 1513 1024; x_wconf 89' lang='grc' dir='ltr'><strong><em>τετολ-</em></strong></span> <span class='ocrx_word' id='word_1_43' title='bbox 1532 964 1576 1025; x_wconf 83' lang='grc' dir='ltr'><strong><em>θιι</em></strong></span> <span class='ocrx_word' id='word_1_44' title='bbox 1587 971 1626 1039; x_wconf 79' lang='grc' dir='ltr'><strong><em>μη</em></strong></span> <span class='ocrx_word' id='word_1_45' title='bbox 1638 977 1699 1036; x_wconf 83' lang='grc' dir='ltr'><strong><em>τοῖς</em></strong></span> 
     </span>
     <span class='ocr_line' id='line_1_6' title="bbox 155 1045 1699 1143; baseline 0.002 -25"><span class='ocrx_word' id='word_1_46' title='bbox 155 1050 360 1139; x_wconf 79' lang='grc' dir='ltr'><strong><em>ομηκόσιν,</em></strong></span> <span class='ocrx_word' id='word_1_47' title='bbox 391 1057 426 1139; x_wconf 78' lang='grc' dir='ltr'><strong><em>ἐξ</em></strong></span> <span class='ocrx_word' id='word_1_48' title='bbox 453 1059 458 1142; x_wconf 96' lang='grc' dir='ltr'>Ι</span> <span class='ocrx_word' id='word_1_49' title='bbox 487 1048 549 1125; x_wconf 86' lang='grc' dir='ltr'><strong><em>οῦκ</em></strong></span> <span class='ocrx_word' id='word_1_50' title='bbox 580 1045 697 1124; x_wconf 85' lang='grc' dir='ltr'><strong><em>όντων</em></strong></span> <span class='ocrx_word' id='word_1_51' title='bbox 723 1047 850 1141; x_wconf 85' lang='grc' dir='ltr'><strong><em>ὁμοίως</em></strong></span> <span class='ocrx_word' id='word_1_52' title='bbox 872 1070 946 1134; x_wconf 87' lang='grc' dir='ltr'><strong><em>τοῖς</em></strong></span> <span class='ocrx_word' id='word_1_53' title='bbox 967 1063 1101 1133; x_wconf 75' lang='grc' dir='ltr'><strong><em>λοιποῖς</em></strong></span> <span class='ocrx_word' id='word_1_54' title='bbox 1122 1059 1300 1140; x_wconf 91' lang='grc' dir='ltr'><strong><em>κτίσμασιν</em></strong></span> <span class='ocrx_word' id='word_1_55' title='bbox 1320 1046 1514 1143; x_wconf 90' lang='grc' dir='ltr'><strong><em>γενόμενον.</em></strong></span> <span class='ocrx_word' id='word_1_56' title='bbox 1530 1054 1565 1111; x_wconf 73' lang='grc'><strong><em>67</em></strong></span> <span class='ocrx_word' id='word_1_57' title='bbox 1581 1058 1699 1121; x_wconf 76' lang='grc' dir='ltr'><strong><em>πολλοῖς</em></strong></span> 
     </span>
     <span class='ocr_line' id='line_1_7' title="bbox 188 1140 1697 1263; baseline 0.001 -42"><span class='ocrx_word' id='word_1_58' title='bbox 188 1160 250 1222; x_wconf 80' lang='grc' dir='ltr'><strong><em>καὶ</em></strong></span> <span class='ocrx_word' id='word_1_59' title='bbox 274 1159 356 1237; x_wconf 86' lang='grc' dir='ltr'><strong><em>πῶς</em></strong></span> <span class='ocrx_word' id='word_1_60' title='bbox 377 1151 440 1242; x_wconf 83' lang='grc' dir='ltr'><strong><em>γὰρ</em></strong></span> <span class='ocrx_word' id='word_1_61' title='bbox 462 1156 514 1223; x_wconf 76' lang='grc' dir='ltr'><strong><em>ἔτι</em></strong></span> <span class='ocrx_word' id='word_1_62' title='bbox 536 1155 629 1224; x_wconf 79' lang='grc' dir='ltr'><strong><em>ἔσται</em></strong></span> <span class='ocrx_word' id='word_1_63' title='bbox 643 1147 730 1236; x_wconf 82' lang='grc' dir='ltr'><strong><em>υλός;</em></strong></span> <span class='ocrx_word' id='word_1_64' title='bbox 750 1159 826 1234; x_wconf 88' lang='grc' dir='ltr'><strong><em>πῶς</em></strong></span> <span class='ocrx_word' id='word_1_65' title='bbox 841 1156 877 1221; x_wconf 79' lang='grc' dir='ltr'><strong><em>δὲ</em></strong></span> <span class='ocrx_word' id='word_1_66' title='bbox 891 1149 1078 1240; x_wconf 81' lang='grc' dir='ltr'><strong><em>μονογενὴς</em></strong></span> <span class='ocrx_word' id='word_1_67' title='bbox 1097 1157 1161 1223; x_wconf 92' lang='grc' dir='ltr'><strong><em>τοῦ</em></strong></span> <span class='ocrx_word' id='word_1_68' title='bbox 1177 1156 1261 1223; x_wconf 92' lang='grc' dir='ltr'><strong><em>θεοῦ</em></strong></span> <span class='ocrx_word' id='word_1_69' title='bbox 1282 1146 1301 1222; x_wconf 86' lang='grc' dir='ltr'><strong><em>ό</em></strong></span> <span class='ocrx_word' id='word_1_70' title='bbox 1324 1150 1389 1242; x_wconf 84' lang='grc' dir='ltr'><strong><em>τὴν</em></strong></span> <span class='ocrx_word' id='word_1_71' title='bbox 1404 1147 1514 1241; x_wconf 84' lang='grc' dir='ltr'><strong><em>αύτῆν</em></strong></span> <span class='ocrx_word' id='word_1_72' title='bbox 1539 1140 1697 1263; x_wconf 53' lang='grc' dir='ltr'><strong><em>δῐῖξμασίίὶ</em></strong></span> 
     </span>
     <span class='ocr_line' id='line_1_8' title="bbox 190 1224 1687 1342; baseline 0.001 -21"><span class='ocrx_word' id='word_1_73' title='bbox 190 1270 271 1334; x_wconf 85' lang='grc' dir='ltr'><strong><em>τοῖς</em></strong></span> <span class='ocrx_word' id='word_1_74' title='bbox 296 1262 432 1334; x_wconf 77' lang='grc' dir='ltr'><strong><em>λοιποῖς</em></strong></span> <span class='ocrx_word' id='word_1_75' title='bbox 452 1259 630 1342; x_wconf 87' lang='grc' dir='ltr'><strong><em>κτίσμασιν</em></strong></span> <span class='ocrx_word' id='word_1_76' title='bbox 651 1246 921 1340; x_wconf 78' lang='grc' dir='ltr'><strong><em>ἐπιγραφόμενος</em></strong></span> <span class='ocrx_word' id='word_1_77' title='bbox 942 1248 1058 1338; x_wconf 89' lang='grc' dir='ltr'><strong><em>φύσιν;</em></strong></span> <span class='ocrx_word' id='word_1_78' title='bbox 1084 1248 1193 1338; x_wconf 87' lang='grc' dir='ltr'><strong><em>ταύτη</em></strong></span> <span class='ocrx_word' id='word_1_79' title='bbox 1215 1250 1278 1339; x_wconf 80' lang='grc' dir='ltr'><strong><em>γὰρ</em></strong></span> <span class='ocrx_word' id='word_1_80' title='bbox 1299 1245 1448 1338; x_wconf 84' lang='grc' dir='ltr'><strong><em>ἀδελφός</em></strong></span> <span class='ocrx_word' id='word_1_81' title='bbox 1471 1247 1513 1322; x_wconf 82' lang='grc' dir='ltr'><strong><em>ἀν</em></strong></span> <span class='ocrx_word' id='word_1_82' title='bbox 1531 1224 1589 1330; x_wconf 64' lang='grc' dir='ltr'><strong><em>ομί</em></strong></span> <span class='ocrx_word' id='word_1_83' title='bbox 1600 1226 1687 1341; x_wconf 57' lang='grc' dir='ltr'>ΙΙΙΙΜ</span> 
     </span>
     <span class='ocr_line' id='line_1_9' title="bbox 190 1338 1672 1441; baseline 0.001 -21"><span class='ocrx_word' id='word_1_84' title='bbox 190 1349 341 1424; x_wconf 89' lang='grc' dir='ltr'><strong><em>τούτων</em></strong></span> <span class='ocrx_word' id='word_1_85' title='bbox 363 1358 497 1440; x_wconf 82' lang='grc' dir='ltr'><strong><em>γένοιτο</em></strong></span> <span class='ocrx_word' id='word_1_86' title='bbox 519 1357 662 1441; x_wconf 84' lang='grc' dir='ltr'><strong><em>μᾶλλον,</em></strong></span> <span class='ocrx_word' id='word_1_87' title='bbox 685 1346 759 1440; x_wconf 84' lang='grc' dir='ltr'><strong><em>ούχὶ</em></strong></span> <span class='ocrx_word' id='word_1_88' title='bbox 774 1356 810 1421; x_wconf 82' lang='grc' dir='ltr'><strong><em>δὲ</em></strong></span> <span class='ocrx_word' id='word_1_89' title='bbox 824 1347 896 1434; x_wconf 84' lang='grc' dir='ltr'><strong><em>υίὸς</em></strong></span> <span class='ocrx_word' id='word_1_90' title='bbox 912 1356 975 1422; x_wconf 90' lang='grc' dir='ltr'><strong><em>τοῦ</em></strong></span> <span class='ocrx_word' id='word_1_91' title='bbox 993 1355 1087 1433; x_wconf 88' lang='grc' dir='ltr'><strong><em>θεοῦ,</em></strong></span> <span class='ocrx_word' id='word_1_92' title='bbox 1110 1357 1184 1422; x_wconf 87' lang='grc' dir='ltr'><strong><em>τῶν</em></strong></span> <span class='ocrx_word' id='word_1_93' title='bbox 1202 1377 1240 1420; x_wconf 86' lang='grc' dir='ltr'><strong><em>τε</em></strong></span> <span class='ocrx_word' id='word_1_94' title='bbox 1253 1356 1399 1422; x_wconf 85' lang='grc' dir='ltr'><strong><em>πολλῶν</em></strong></span> <span class='ocrx_word' id='word_1_95' title='bbox 1420 1377 1513 1441; x_wconf 84' lang='grc' dir='ltr'><strong><em>γενη·</em></strong></span> <span class='ocrx_word' id='word_1_96' title='bbox 1558 1338 1672 1412; x_wconf 51' lang='lat' dir='ltr'><strong><em>mm·</em></strong></span> 
     </span>
    </p>

    <p class='ocr_par' dir='ltr' id='par_1_4' title="bbox 190 1441 1512 1541">
     <span class='ocr_line' id='line_1_10' title="bbox 190 1441 1512 1541; baseline 0 -21"><span class='ocrx_word' id='word_1_97' title='bbox 190 1457 271 1521; x_wconf 89' lang='grc' dir='ltr'><strong><em>τῶν</em></strong></span> <span class='ocrx_word' id='word_1_98' title='bbox 305 1454 399 1523; x_wconf 82' lang='grc' dir='ltr'><strong><em>ἔσται</em></strong></span> <span class='ocrx_word' id='word_1_99' title='bbox 429 1449 491 1541; x_wconf 84' lang='grc' dir='ltr'><strong><em>είς,</em></strong></span> <span class='ocrx_word' id='word_1_100' title='bbox 520 1446 581 1523; x_wconf 81' lang='grc' dir='ltr'><strong><em>ἀτε</em></strong></span> <span class='ocrx_word' id='word_1_101' title='bbox 602 1458 664 1541; x_wconf 89' lang='grc' dir='ltr'><strong><em>τῆς</em></strong></span> <span class='ocrx_word' id='word_1_102' title='bbox 684 1455 720 1537; x_wconf 74' lang='grc' dir='ltr'><strong><em>ἐξ</em></strong></span> <span class='ocrx_word' id='word_1_103' title='bbox 742 1446 804 1522; x_wconf 89' lang='grc' dir='ltr'><strong><em>ούκ</em></strong></span> <span class='ocrx_word' id='word_1_104' title='bbox 826 1441 943 1521; x_wconf 86' lang='grc' dir='ltr'><strong><em>όντων</em></strong></span> <span class='ocrx_word' id='word_1_105' title='bbox 963 1456 1105 1533; x_wconf 79' lang='grc' dir='ltr'><strong><em>κτίσεως</em></strong></span> <span class='ocrx_word' id='word_1_106' title='bbox 1127 1444 1254 1538; x_wconf 82' lang='grc' dir='ltr'><strong><em>ὁμοίως</em></strong></span> <span class='ocrx_word' id='word_1_107' title='bbox 1275 1444 1392 1531; x_wconf 75' lang='grc' dir='ltr'><strong><em>αὐτοῖς</em></strong></span> <span class='ocrx_word' id='word_1_108' title='bbox 1412 1477 1512 1539; x_wconf 88' lang='grc' dir='ltr'><strong><em>μετα·</em></strong></span> 
     </span>
    </p>

    <p class='ocr_par' dir='ltr' id='par_1_5' title="bbox 139 1541 1564 2038">
     <span class='ocr_line' id='line_1_11' title="bbox 139 1541 1564 1639; baseline -0.002 -19"><span class='ocrx_word' id='word_1_109' title='bbox 139 1559 172 1612; x_wconf 88' lang='grc'><strong><em>10</em></strong></span> <span class='ocrx_word' id='word_1_110' title='bbox 190 1550 294 1637; x_wconf 86' lang='grc' dir='ltr'><strong><em>σχῶν</em></strong></span> <span class='ocrx_word' id='word_1_111' title='bbox 316 1559 510 1634; x_wconf 74' lang='grc' dir='ltr'><strong><em>κοινωνίας.</em></strong></span> <span class='ocrx_word' id='word_1_112' title='bbox 553 1546 628 1623; x_wconf 80' lang='grc' dir='ltr'><strong><em>ἀλλ’</em></strong></span> <span class='ocrx_word' id='word_1_113' title='bbox 650 1547 711 1639; x_wconf 88' lang='grc' dir='ltr'><strong><em>ούχ</em></strong></span> <span class='ocrx_word' id='word_1_114' title='bbox 733 1541 799 1621; x_wconf 86' lang='grc' dir='ltr'><strong><em>ῶδε</em></strong></span> <span class='ocrx_word' id='word_1_115' title='bbox 826 1548 870 1621; x_wconf 87' lang='grc' dir='ltr'><strong><em>τά</em></strong></span> <span class='ocrx_word' id='word_1_116' title='bbox 900 1558 978 1620; x_wconf 87' lang='grc' dir='ltr'><strong><em>θεῖα</em></strong></span> <span class='ocrx_word' id='word_1_117' title='bbox 999 1558 1076 1639; x_wconf 86' lang='grc' dir='ltr'><strong><em>περὶ</em></strong></span> <span class='ocrx_word' id='word_1_118' title='bbox 1102 1545 1208 1620; x_wconf 88' lang='grc' dir='ltr'><strong><em>αύτοῦ</em></strong></span> <span class='ocrx_word' id='word_1_119' title='bbox 1228 1546 1377 1620; x_wconf 75' lang='grc' dir='ltr'><strong><em>παιδεύει</em></strong></span> <span class='ocrx_word' id='word_1_120' title='bbox 1407 1545 1512 1638; x_wconf 90' lang='grc' dir='ltr'><strong><em>λόγια.</em></strong></span> <span class='ocrx_word' id='word_1_121' title='bbox 1546 1564 1564 1617; x_wconf 84' lang='grc'>2</span> 
     </span>
     <span class='ocr_line' id='line_1_12' title="bbox 190 1643 1512 1740; baseline 0 -21"><span class='ocrx_word' id='word_1_122' title='bbox 190 1643 273 1720; x_wconf 83' lang='grc' dir='ltr'><strong><em>ἀλλ’</em></strong></span> <span class='ocrx_word' id='word_1_123' title='bbox 299 1644 360 1720; x_wconf 79' lang='grc' dir='ltr'><strong><em>ὅτε</em></strong></span> <span class='ocrx_word' id='word_1_124' title='bbox 380 1656 443 1740; x_wconf 79' lang='grc' dir='ltr'><strong><em>μὲν</em></strong></span> <span class='ocrx_word' id='word_1_125' title='bbox 464 1656 526 1740; x_wconf 90' lang='grc' dir='ltr'><strong><em>τῆς</em></strong></span> <span class='ocrx_word' id='word_1_126' title='bbox 549 1656 621 1722; x_wconf 87' lang='grc' dir='ltr'><strong><em>τῶν</em></strong></span> <span class='ocrx_word' id='word_1_127' title='bbox 643 1656 799 1739; x_wconf 82' lang='grc' dir='ltr'><strong><em>γενητῶν</em></strong></span> <span class='ocrx_word' id='word_1_128' title='bbox 817 1645 994 1737; x_wconf 78' lang='grc' dir='ltr'><strong><em>ύπάρξεως</em></strong></span> <span class='ocrx_word' id='word_1_129' title='bbox 1020 1647 1085 1738; x_wconf 85' lang='grc' dir='ltr'><strong><em>τὴν</em></strong></span> <span class='ocrx_word' id='word_1_130' title='bbox 1115 1653 1334 1721; x_wconf 75' lang='grc' dir='ltr'><strong><em>διδασκαλίαν</em></strong></span> <span class='ocrx_word' id='word_1_131' title='bbox 1354 1666 1512 1729; x_wconf 79' lang='grc' dir='ltr'><strong><em>ποιείτω,</em></strong></span> 
     </span>
     <span class='ocr_line' id='line_1_13' title="bbox 194 1744 1512 1840; baseline 0 -21"><span class='ocrx_word' id='word_1_132' title='bbox 194 1744 346 1836; x_wconf 88' lang='grc' dir='ltr'><strong><em>ἀθρόως</em></strong></span> <span class='ocrx_word' id='word_1_133' title='bbox 366 1747 410 1819; x_wconf 85' lang='grc' dir='ltr'><strong><em>τὰ</em></strong></span> <span class='ocrx_word' id='word_1_134' title='bbox 431 1746 548 1822; x_wconf 84' lang='grc' dir='ltr'><strong><em>πάντα</em></strong></span> <span class='ocrx_word' id='word_1_135' title='bbox 569 1767 733 1840; x_wconf 86' lang='grc' dir='ltr'><strong><em>μαρτυρεῖ</em></strong></span> <span class='ocrx_word' id='word_1_136' title='bbox 751 1745 793 1819; x_wconf 79' lang='grc' dir='ltr'><strong><em>δι’</em></strong></span> <span class='ocrx_word' id='word_1_137' title='bbox 815 1745 922 1821; x_wconf 88' lang='grc' dir='ltr'><strong><em>αύτοῦ</em></strong></span> <span class='ocrx_word' id='word_1_138' title='bbox 943 1754 1129 1838; x_wconf 80' lang='grc' dir='ltr'><strong><em>γεγονέναι·</em></strong></span> <span class='ocrx_word' id='word_1_139' title='bbox 1172 1744 1323 1820; x_wconf 78' lang='grc' dir='ltr'><strong><em>»πάνται</em></strong></span> <span class='ocrx_word' id='word_1_140' title='bbox 1357 1747 1419 1838; x_wconf 84' lang='grc' dir='ltr'><strong><em>γὰρ</em></strong></span> <span class='ocrx_word' id='word_1_141' title='bbox 1452 1744 1512 1820; x_wconf 73' lang='grc' dir='ltr'><strong><em>»δι’</em></strong></span> 
     </span>
     <span class='ocr_line' id='line_1_14' title="bbox 194 1843 1512 1941; baseline -0.001 -22"><span class='ocrx_word' id='word_1_142' title='bbox 194 1843 311 1919; x_wconf 87' lang='grc' dir='ltr'><strong><em>αύτοῦ</em></strong></span> <span class='ocrx_word' id='word_1_143' title='bbox 326 1851 471 1937; x_wconf 81' lang='grc' dir='ltr'><strong><em>ἐγένετο,</em></strong></span> <span class='ocrx_word' id='word_1_144' title='bbox 492 1856 547 1921; x_wconf 80' lang='grc' dir='ltr'><strong><em>καὶ</em></strong></span> <span class='ocrx_word' id='word_1_145' title='bbox 561 1854 666 1941; x_wconf 78' lang='grc' dir='ltr'><strong><em>χωρὶς</em></strong></span> <span class='ocrx_word' id='word_1_146' title='bbox 681 1844 786 1920; x_wconf 87' lang='grc' dir='ltr'><strong><em>αύτοῦ</em></strong></span> <span class='ocrx_word' id='word_1_147' title='bbox 800 1851 934 1937; x_wconf 79' lang='grc' dir='ltr'><strong><em>ἐγένετο</em></strong></span> <span class='ocrx_word' id='word_1_148' title='bbox 950 1844 1027 1919; x_wconf 83' lang='grc' dir='ltr'><strong><em>ούδε</em></strong></span> <span class='ocrx_word' id='word_1_149' title='bbox 1042 1852 1097 1920; x_wconf 66' lang='grc' dir='ltr'><strong><em>ἐν(</em></strong></span> <span class='ocrx_word' id='word_1_150' title='bbox 1114 1856 1171 1919; x_wconf 83' lang='grc' dir='ltr'><strong><em>καὶ</em></strong></span> <span class='ocrx_word' id='word_1_151' title='bbox 1188 1852 1244 1919; x_wconf 79' lang='grc' dir='ltr'><strong><em>»ἐν</em></strong></span> <span class='ocrx_word' id='word_1_152' title='bbox 1258 1843 1353 1938; x_wconf 80' lang='grc' dir='ltr'><strong><em>αύτῷ</em></strong></span> <span class='ocrx_word' id='word_1_153' title='bbox 1372 1850 1512 1937; x_wconf 89' lang='grc' dir='ltr'><strong><em>ἐκτίσθη</em></strong></span> 
     </span>
     <span class='ocr_line' id='line_1_15' title="bbox 195 1943 1512 2038; baseline 0.002 -21"><span class='ocrx_word' id='word_1_154' title='bbox 195 1948 243 2018; x_wconf 82' lang='grc' dir='ltr'><strong><em>τὰ</em></strong></span> <span class='ocrx_word' id='word_1_155' title='bbox 267 1944 387 2020; x_wconf 85' lang='grc' dir='ltr'><strong><em>πάντα</em></strong></span> <span class='ocrx_word' id='word_1_156' title='bbox 408 1948 452 2021; x_wconf 81' lang='grc' dir='ltr'><strong><em>τὰ</em></strong></span> <span class='ocrx_word' id='word_1_157' title='bbox 474 1952 512 2019; x_wconf 91' lang='grc' dir='ltr'><strong><em>ἐν</em></strong></span> <span class='ocrx_word' id='word_1_158' title='bbox 534 1966 607 2031; x_wconf 89' lang='grc' dir='ltr'><strong><em>τοῖς</em></strong></span> <span class='ocrx_word' id='word_1_159' title='bbox 629 1944 787 2038; x_wconf 84' lang='grc' dir='ltr'><strong><em>ούρανοῖς</em></strong></span> <span class='ocrx_word' id='word_1_160' title='bbox 808 1955 863 2019; x_wconf 82' lang='grc' dir='ltr'><strong><em>καὶ</em></strong></span> <span class='ocrx_word' id='word_1_161' title='bbox 885 1945 929 2019; x_wconf 85' lang='grc' dir='ltr'><strong><em>τὰ</em></strong></span> <span class='ocrx_word' id='word_1_162' title='bbox 951 1952 1006 2020; x_wconf 84' lang='grc' dir='ltr'><strong><em>ἐπὶ</em></strong></span> <span class='ocrx_word' id='word_1_163' title='bbox 1027 1954 1089 2038; x_wconf 88' lang='grc' dir='ltr'><strong><em>τῆς</em></strong></span> <span class='ocrx_word' id='word_1_164' title='bbox 1111 1953 1184 2037; x_wconf 91' lang='grc' dir='ltr'><strong><em>γῆς,</em></strong></span> <span class='ocrx_word' id='word_1_165' title='bbox 1216 1951 1283 2019; x_wconf 77' lang='grc' dir='ltr'><strong><em>εἴτε</em></strong></span> <span class='ocrx_word' id='word_1_166' title='bbox 1314 1943 1423 2036; x_wconf 81' lang='grc' dir='ltr'><strong><em>δρατὰ</em></strong></span> <span class='ocrx_word' id='word_1_167' title='bbox 1443 1951 1512 2020; x_wconf 79' lang='grc' dir='ltr'><strong><em>εἴτε</em></strong></span> 
     </span>
    </p>

    <p class='ocr_par' dir='ltr' id='par_1_6' title="bbox 142 2041 1561 2536">
     <span class='ocr_line' id='line_1_16' title="bbox 142 2041 1513 2134; baseline 0.001 -15"><span class='ocrx_word' id='word_1_168' title='bbox 142 2057 177 2110; x_wconf 71' lang='lat'><strong><em>15</em></strong></span> <span class='ocrx_word' id='word_1_169' title='bbox 195 2043 353 2134; x_wconf 73' lang='grc' dir='ltr'><strong><em>ἀόρατα(</em></strong></span> <span class='ocrx_word' id='word_1_170' title='bbox 378 2055 433 2120; x_wconf 80' lang='grc' dir='ltr'><strong><em>καὶ</em></strong></span> <span class='ocrx_word' id='word_1_171' title='bbox 458 2045 520 2119; x_wconf 79' lang='grc' dir='ltr'><strong><em>»τὰ</em></strong></span> <span class='ocrx_word' id='word_1_172' title='bbox 541 2043 657 2119; x_wconf 84' lang='grc' dir='ltr'><strong><em>κάντα</em></strong></span> <span class='ocrx_word' id='word_1_173' title='bbox 679 2041 721 2118; x_wconf 76' lang='grc' dir='ltr'><strong><em>δι’</em></strong></span> <span class='ocrx_word' id='word_1_174' title='bbox 743 2042 850 2119; x_wconf 85' lang='grc' dir='ltr'><strong><em>αύτοῦ</em></strong></span> <span class='ocrx_word' id='word_1_175' title='bbox 863 2054 919 2118; x_wconf 85' lang='grc' dir='ltr'><strong><em>καὶ</em></strong></span> <span class='ocrx_word' id='word_1_176' title='bbox 943 2054 988 2131; x_wconf 89' lang='grc' dir='ltr'><strong><em>είς</em></strong></span> <span class='ocrx_word' id='word_1_177' title='bbox 1011 2044 1118 2120; x_wconf 88' lang='grc' dir='ltr'><strong><em>αύτόν</em></strong></span> <span class='ocrx_word' id='word_1_178' title='bbox 1138 2048 1299 2120; x_wconf 72' lang='grc' dir='ltr'><strong><em>ἔκτισται·</em></strong></span> <span class='ocrx_word' id='word_1_179' title='bbox 1331 2054 1386 2118; x_wconf 82' lang='grc' dir='ltr'><strong><em>καὶ</em></strong></span> <span class='ocrx_word' id='word_1_180' title='bbox 1409 2044 1513 2131; x_wconf 87' lang='grc' dir='ltr'><strong><em>αύτός</em></strong></span> 
     </span>
     <span class='ocr_line' id='line_1_17' title="bbox 196 2143 1512 2237; baseline -0.001 -18"><span class='ocrx_word' id='word_1_181' title='bbox 196 2151 297 2219; x_wconf 83' lang='grc' dir='ltr'><strong><em>ἐστιν</em></strong></span> <span class='ocrx_word' id='word_1_182' title='bbox 328 2147 397 2237; x_wconf 87' lang='grc' dir='ltr'><strong><em>πρό</em></strong></span> <span class='ocrx_word' id='word_1_183' title='bbox 428 2145 574 2220; x_wconf 85' lang='grc' dir='ltr'><strong><em>πόντων</em></strong></span> <span class='ocrx_word' id='word_1_184' title='bbox 605 2155 661 2219; x_wconf 84' lang='grc' dir='ltr'><strong><em>καί</em></strong></span> <span class='ocrx_word' id='word_1_185' title='bbox 691 2146 734 2218; x_wconf 81' lang='grc' dir='ltr'><strong><em>τὰ</em></strong></span> <span class='ocrx_word' id='word_1_186' title='bbox 764 2145 879 2220; x_wconf 84' lang='grc' dir='ltr'><strong><em>πάντα</em></strong></span> <span class='ocrx_word' id='word_1_187' title='bbox 900 2151 938 2218; x_wconf 88' lang='grc' dir='ltr'><strong><em>ἐν</em></strong></span> <span class='ocrx_word' id='word_1_188' title='bbox 959 2143 1053 2237; x_wconf 80' lang='grc' dir='ltr'><strong><em>αύτῷ</em></strong></span> <span class='ocrx_word' id='word_1_189' title='bbox 1077 2151 1298 2235; x_wconf 69' lang='grc' dir='ltr'><strong><em>συνέστηκεν(</em></strong></span> <span class='ocrx_word' id='word_1_190' title='bbox 1330 2145 1418 2218; x_wconf 84' lang='grc' dir='ltr'><strong><em>κατὰ</em></strong></span> <span class='ocrx_word' id='word_1_191' title='bbox 1450 2146 1512 2229; x_wconf 82' lang='grc' dir='ltr'><strong><em>τὰς</em></strong></span> 
     </span>
     <span class='ocr_line' id='line_1_18' title="bbox 196 2242 1561 2337; baseline -0.002 -20"><span class='ocrx_word' id='word_1_192' title='bbox 196 2242 436 2329; x_wconf 86' lang='grc' dir='ltr'><strong><em>ἀποστολικάς</em></strong></span> <span class='ocrx_word' id='word_1_193' title='bbox 450 2253 675 2329; x_wconf 85' lang='grc' dir='ltr'><strong><em>διδασκαλίας.</em></strong></span> <span class='ocrx_word' id='word_1_194' title='bbox 697 2243 756 2318; x_wconf 81' lang='grc' dir='ltr'><strong><em>ὅτε</em></strong></span> <span class='ocrx_word' id='word_1_195' title='bbox 771 2252 806 2318; x_wconf 85' lang='grc' dir='ltr'><strong><em>δὲ</em></strong></span> <span class='ocrx_word' id='word_1_196' title='bbox 820 2248 971 2337; x_wconf 85' lang='grc' dir='ltr'><strong><em>τῆνπερί</em></strong></span> <span class='ocrx_word' id='word_1_197' title='bbox 986 2242 1092 2319; x_wconf 82' lang='grc' dir='ltr'><strong><em>αῦτοῦ</em></strong></span> <span class='ocrx_word' id='word_1_198' title='bbox 1102 2256 1286 2336; x_wconf 75' lang='grc' dir='ltr'><strong><em>θεολογίαν</em></strong></span> <span class='ocrx_word' id='word_1_199' title='bbox 1296 2242 1428 2335; x_wconf 84' lang='grc' dir='ltr'><strong><em>εέσάγει,</em></strong></span> <span class='ocrx_word' id='word_1_200' title='bbox 1437 2253 1512 2318; x_wconf 88' lang='grc' dir='ltr'><strong><em>τῶν</em></strong></span> <span class='ocrx_word' id='word_1_201' title='bbox 1545 2260 1561 2314; x_wconf 84' lang='grc'>3</span> 
     </span>
     <span class='ocr_line' id='line_1_19' title="bbox 194 2341 1511 2436; baseline 0 -18"><span class='ocrx_word' id='word_1_202' title='bbox 194 2353 263 2435; x_wconf 82' lang='grc' dir='ltr'><strong><em>μὲν</em></strong></span> <span class='ocrx_word' id='word_1_203' title='bbox 278 2351 415 2418; x_wconf 88' lang='grc' dir='ltr'><strong><em>λοιπῶν</em></strong></span> <span class='ocrx_word' id='word_1_204' title='bbox 429 2343 599 2420; x_wconf 83' lang='grc' dir='ltr'><strong><em>ἀκόντων</em></strong></span> <span class='ocrx_word' id='word_1_205' title='bbox 619 2343 727 2419; x_wconf 88' lang='grc' dir='ltr'><strong><em>αύτόν</em></strong></span> <span class='ocrx_word' id='word_1_206' title='bbox 750 2342 913 2435; x_wconf 76' lang='grc' dir='ltr'><strong><em>ἀφορίζει,</em></strong></span> <span class='ocrx_word' id='word_1_207' title='bbox 936 2344 1055 2434; x_wconf 90' lang='grc' dir='ltr'><strong><em>κύριον</em></strong></span> <span class='ocrx_word' id='word_1_208' title='bbox 1076 2352 1112 2417; x_wconf 77' lang='grc' dir='ltr'><strong><em>δὲ</em></strong></span> <span class='ocrx_word' id='word_1_209' title='bbox 1134 2341 1242 2417; x_wconf 78' lang='grc' dir='ltr'><strong><em>αὐτόν</em></strong></span> <span class='ocrx_word' id='word_1_210' title='bbox 1262 2353 1318 2417; x_wconf 80' lang='grc' dir='ltr'><strong><em>καὶ</em></strong></span> <span class='ocrx_word' id='word_1_211' title='bbox 1342 2341 1511 2436; x_wconf 85' lang='grc' dir='ltr'><strong><em>δεσπότην</em></strong></span> 
     </span>
     <span class='ocr_line' id='line_1_20' title="bbox 195 2438 1511 2536; baseline 0.002 -20"><span class='ocrx_word' id='word_1_212' title='bbox 195 2452 257 2516; x_wconf 81' lang='grc' dir='ltr'><strong><em>καὶ</em></strong></span> <span class='ocrx_word' id='word_1_213' title='bbox 279 2443 486 2535; x_wconf 80' lang='grc' dir='ltr'><strong><em>δημιουργόν</em></strong></span> <span class='ocrx_word' id='word_1_214' title='bbox 507 2452 563 2517; x_wconf 84' lang='grc' dir='ltr'><strong><em>καὶ</em></strong></span> <span class='ocrx_word' id='word_1_215' title='bbox 587 2445 672 2518; x_wconf 87' lang='grc' dir='ltr'><strong><em>θεὸν</em></strong></span> <span class='ocrx_word' id='word_1_216' title='bbox 693 2454 749 2517; x_wconf 84' lang='grc' dir='ltr'><strong><em>καλ</em></strong></span> <span class='ocrx_word' id='word_1_217' title='bbox 772 2451 910 2535; x_wconf 90' lang='grc' dir='ltr'><strong><em>σωτῆρα</em></strong></span> <span class='ocrx_word' id='word_1_218' title='bbox 931 2452 1005 2517; x_wconf 88' lang='grc' dir='ltr'><strong><em>τῶν</em></strong></span> <span class='ocrx_word' id='word_1_219' title='bbox 1031 2438 1126 2517; x_wconf 80' lang='grc' dir='ltr'><strong><em>ὅλων</em></strong></span> <span class='ocrx_word' id='word_1_220' title='bbox 1148 2446 1253 2531; x_wconf 82' lang='grc' dir='ltr'><strong><em>οίδεν,</em></strong></span> <span class='ocrx_word' id='word_1_221' title='bbox 1284 2452 1452 2536; x_wconf 80' lang='grc' dir='ltr'><strong><em>μονογενῆ</em></strong></span> <span class='ocrx_word' id='word_1_222' title='bbox 1474 2474 1511 2518; x_wconf 89' lang='grc' dir='ltr'><strong><em>τε</em></strong></span> 
     </span>
    </p>

    <p class='ocr_par' dir='ltr' id='par_1_7' title="bbox 142 2540 1513 3033">
     <span class='ocr_line' id='line_1_21' title="bbox 142 2540 1510 2635; baseline 0 -19"><span class='ocrx_word' id='word_1_223' title='bbox 142 2550 178 2606; x_wconf 80' lang='lat'><strong><em>20</em></strong></span> <span class='ocrx_word' id='word_1_224' title='bbox 195 2545 280 2617; x_wconf 76' lang='grc' dir='ltr'><strong><em>υἱόν</em></strong></span> <span class='ocrx_word' id='word_1_225' title='bbox 302 2552 388 2617; x_wconf 89' lang='grc' dir='ltr'><strong><em>θεοῦ</em></strong></span> <span class='ocrx_word' id='word_1_226' title='bbox 408 2540 516 2635; x_wconf 90' lang='grc' dir='ltr'><strong><em>μόνον</em></strong></span> <span class='ocrx_word' id='word_1_227' title='bbox 537 2541 646 2618; x_wconf 88' lang='grc' dir='ltr'><strong><em>αύτόν</em></strong></span> <span class='ocrx_word' id='word_1_228' title='bbox 666 2552 722 2617; x_wconf 85' lang='grc' dir='ltr'><strong><em>καὶ</em></strong></span> <span class='ocrx_word' id='word_1_229' title='bbox 744 2542 866 2618; x_wconf 85' lang='grc' dir='ltr'><strong><em>ούδένα</em></strong></span> <span class='ocrx_word' id='word_1_230' title='bbox 888 2543 999 2617; x_wconf 83' lang='grc' dir='ltr'><strong><em>ἄλλον</em></strong></span> <span class='ocrx_word' id='word_1_231' title='bbox 1020 2540 1218 2631; x_wconf 89' lang='grc' dir='ltr'><strong><em>ἀποφαίνει,</em></strong></span> <span class='ocrx_word' id='word_1_232' title='bbox 1241 2552 1367 2631; x_wconf 89' lang='grc' dir='ltr'><strong><em>σοφίαν</em></strong></span> <span class='ocrx_word' id='word_1_233' title='bbox 1392 2572 1429 2614; x_wconf 93' lang='grc' dir='ltr'><strong><em>τε</em></strong></span> <span class='ocrx_word' id='word_1_234' title='bbox 1454 2553 1510 2616; x_wconf 80' lang='grc' dir='ltr'><strong><em>καί</em></strong></span> 
     </span>
     <span class='ocr_line' id='line_1_22' title="bbox 197 2640 1512 2735; baseline -0.002 -18"><span class='ocrx_word' id='word_1_235' title='bbox 197 2642 388 2734; x_wconf 84' lang='grc' dir='ltr'><strong><em>λόγονκαὶ</em></strong></span> <span class='ocrx_word' id='word_1_236' title='bbox 410 2644 501 2734; x_wconf 79' lang='grc' dir='ltr'><strong><em>ζωῆν</em></strong></span> <span class='ocrx_word' id='word_1_237' title='bbox 522 2652 578 2715; x_wconf 84' lang='grc' dir='ltr'><strong><em>καὶ</em></strong></span> <span class='ocrx_word' id='word_1_238' title='bbox 601 2652 676 2732; x_wconf 87' lang='grc' dir='ltr'><strong><em>φῶς</em></strong></span> <span class='ocrx_word' id='word_1_239' title='bbox 697 2640 806 2735; x_wconf 90' lang='grc' dir='ltr'><strong><em>μόνον</em></strong></span> <span class='ocrx_word' id='word_1_240' title='bbox 827 2641 935 2716; x_wconf 87' lang='grc' dir='ltr'><strong><em>αύτόν</em></strong></span> <span class='ocrx_word' id='word_1_241' title='bbox 956 2641 1135 2728; x_wconf 88' lang='grc' dir='ltr'><strong><em>ἀποκαλεῖ,</em></strong></span> <span class='ocrx_word' id='word_1_242' title='bbox 1161 2641 1310 2715; x_wconf 74' lang='grc' dir='ltr'><strong><em>»είκόναι</em></strong></span> <span class='ocrx_word' id='word_1_243' title='bbox 1334 2649 1406 2733; x_wconf 91' lang='grc' dir='ltr'><strong><em>&lt;τε&gt;</em></strong></span> <span class='ocrx_word' id='word_1_244' title='bbox 1431 2651 1512 2718; x_wconf 72' lang='grc' dir='ltr'><strong><em>»τοῦ</em></strong></span> 
     </span>
     <span class='ocr_line' id='line_1_23' title="bbox 196 2739 1512 2833; baseline 0.002 -20"><span class='ocrx_word' id='word_1_245' title='bbox 196 2751 287 2816; x_wconf 88' lang='grc' dir='ltr'><strong><em>θεοῦ</em></strong></span> <span class='ocrx_word' id='word_1_246' title='bbox 309 2750 373 2816; x_wconf 89' lang='grc' dir='ltr'><strong><em>τοῦ</em></strong></span> <span class='ocrx_word' id='word_1_247' title='bbox 394 2740 561 2832; x_wconf 77' lang='grc' dir='ltr'><strong><em>ἀοράτουι</em></strong></span> <span class='ocrx_word' id='word_1_248' title='bbox 591 2752 647 2815; x_wconf 84' lang='grc' dir='ltr'><strong><em>καὶ</em></strong></span> <span class='ocrx_word' id='word_1_249' title='bbox 676 2739 894 2833; x_wconf 73' lang='grc' dir='ltr'><strong><em>»ἀπαύγασμα</em></strong></span> <span class='ocrx_word' id='word_1_250' title='bbox 921 2743 1041 2831; x_wconf 90' lang='grc' dir='ltr'><strong><em>φωτός</em></strong></span> <span class='ocrx_word' id='word_1_251' title='bbox 1062 2739 1205 2828; x_wconf 80' lang='grc' dir='ltr'><strong><em>ἀιδίουε,</em></strong></span> <span class='ocrx_word' id='word_1_252' title='bbox 1233 2739 1330 2832; x_wconf 77' lang='grc' dir='ltr'><strong><em>ἐτερά</em></strong></span> <span class='ocrx_word' id='word_1_253' title='bbox 1352 2773 1389 2815; x_wconf 86' lang='grc' dir='ltr'><strong><em>τε</em></strong></span> <span class='ocrx_word' id='word_1_254' title='bbox 1411 2743 1512 2833; x_wconf 92' lang='grc' dir='ltr'><strong><em>μύρια</em></strong></span> 
     </span>
     <span class='ocr_line' id='line_1_24' title="bbox 197 2834 1513 2933; baseline -0.002 -19"><span class='ocrx_word' id='word_1_255' title='bbox 197 2841 343 2928; x_wconf 80' lang='grc' dir='ltr'><strong><em>τούτοις</em></strong></span> <span class='ocrx_word' id='word_1_256' title='bbox 364 2840 494 2929; x_wconf 82' lang='grc' dir='ltr'><strong><em>ἀδελφὰ</em></strong></span> <span class='ocrx_word' id='word_1_257' title='bbox 516 2848 594 2931; x_wconf 89' lang='grc' dir='ltr'><strong><em>περί</em></strong></span> <span class='ocrx_word' id='word_1_258' title='bbox 616 2840 723 2917; x_wconf 87' lang='grc' dir='ltr'><strong><em>αύτοῦ</em></strong></span> <span class='ocrx_word' id='word_1_259' title='bbox 745 2840 897 2930; x_wconf 77' lang='grc' dir='ltr'><strong><em>δοξάζειν</em></strong></span> <span class='ocrx_word' id='word_1_260' title='bbox 919 2840 1081 2926; x_wconf 88' lang='grc' dir='ltr'><strong><em>διδάσκει,</em></strong></span> <span class='ocrx_word' id='word_1_261' title='bbox 1104 2834 1173 2913; x_wconf 87' lang='grc' dir='ltr'><strong><em>ῶδέ</em></strong></span> <span class='ocrx_word' id='word_1_262' title='bbox 1192 2871 1240 2933; x_wconf 88' lang='grc' dir='ltr'><strong><em>πη</em></strong></span> <span class='ocrx_word' id='word_1_263' title='bbox 1264 2848 1323 2932; x_wconf 88' lang='grc' dir='ltr'><strong><em>τῆς</em></strong></span> <span class='ocrx_word' id='word_1_264' title='bbox 1344 2849 1513 2933; x_wconf 80' lang='grc' dir='ltr'><strong><em>πατρικῆς</em></strong></span> 
     </span>
     <span class='ocr_line' id='line_1_25' title="bbox 198 2938 1512 3033; baseline 0.002 -20"><span class='ocrx_word' id='word_1_265' title='bbox 198 2939 376 3032; x_wconf 83' lang='grc' dir='ltr'><strong><em>θεότητος</em></strong></span> <span class='ocrx_word' id='word_1_266' title='bbox 398 2941 464 3031; x_wconf 85' lang='grc' dir='ltr'><strong><em>τὴν</em></strong></span> <span class='ocrx_word' id='word_1_267' title='bbox 484 2940 571 3030; x_wconf 83' lang='grc' dir='ltr'><strong><em>πρός</em></strong></span> <span class='ocrx_word' id='word_1_268' title='bbox 594 2939 703 3033; x_wconf 89' lang='grc' dir='ltr'><strong><em>μόνον</em></strong></span> <span class='ocrx_word' id='word_1_269' title='bbox 729 2938 835 3015; x_wconf 87' lang='grc' dir='ltr'><strong><em>αύτόν</em></strong></span> <span class='ocrx_word' id='word_1_270' title='bbox 863 2940 986 3014; x_wconf 80' lang='grc' dir='ltr'><strong><em>ῶσανεί</em></strong></span> <span class='ocrx_word' id='word_1_271' title='bbox 1014 2940 1100 3031; x_wconf 90' lang='grc' dir='ltr'><strong><em>πρός</em></strong></span> <span class='ocrx_word' id='word_1_272' title='bbox 1128 2939 1204 3012; x_wconf 85' lang='grc' dir='ltr'><strong><em>υίόν</em></strong></span> <span class='ocrx_word' id='word_1_273' title='bbox 1233 2948 1400 3032; x_wconf 84' lang='grc' dir='ltr'><strong><em>μονογενῆ</em></strong></span> <span class='ocrx_word' id='word_1_274' title='bbox 1430 2941 1512 3015; x_wconf 88' lang='grc' dir='ltr'><strong><em>ίδιά-</em></strong></span> 
     </span>
    </p>

    <p class='ocr_par' dir='ltr' id='par_1_8' title="bbox 146 3037 1562 3529">
     <span class='ocr_line' id='line_1_26' title="bbox 146 3037 1562 3134; baseline 0 -19"><span class='ocrx_word' id='word_1_275' title='bbox 146 3046 180 3101; x_wconf 78' lang='lat'><strong><em>25</em></strong></span> <span class='ocrx_word' id='word_1_276' title='bbox 200 3052 329 3128; x_wconf 80' lang='grc' dir='ltr'><strong><em>ζουσαν</em></strong></span> <span class='ocrx_word' id='word_1_277' title='bbox 359 3047 469 3129; x_wconf 80' lang='grc' dir='ltr'><strong><em>σχέσιν</em></strong></span> <span class='ocrx_word' id='word_1_278' title='bbox 490 3040 753 3132; x_wconf 78' lang='grc' dir='ltr'><strong><em>ἐπιδεικνύμενα.</em></strong></span> <span class='ocrx_word' id='word_1_279' title='bbox 800 3040 852 3113; x_wconf 84' lang='grc' dir='ltr'><strong><em>διό</em></strong></span> <span class='ocrx_word' id='word_1_280' title='bbox 882 3049 938 3113; x_wconf 84' lang='grc' dir='ltr'><strong><em>καὶ</em></strong></span> <span class='ocrx_word' id='word_1_281' title='bbox 968 3041 1044 3113; x_wconf 88' lang='grc' dir='ltr'><strong><em>οίὸν</em></strong></span> <span class='ocrx_word' id='word_1_282' title='bbox 1074 3037 1252 3131; x_wconf 90' lang='grc' dir='ltr'><strong><em>ἀγαπητόν</em></strong></span> <span class='ocrx_word' id='word_1_283' title='bbox 1283 3038 1511 3134; x_wconf 83' lang='grc' dir='ltr'><strong><em>ἀνεκήρυττεν</em></strong></span> <span class='ocrx_word' id='word_1_284' title='bbox 1545 3063 1562 3115; x_wconf 89' lang='grc'>4</span> 
     </span>
     <span class='ocr_line' id='line_1_27' title="bbox 198 3137 1511 3232; baseline -0.001 -19"><span class='ocrx_word' id='word_1_285' title='bbox 198 3139 311 3231; x_wconf 89' lang='grc' dir='ltr'><strong><em>μόνον</em></strong></span> <span class='ocrx_word' id='word_1_286' title='bbox 342 3137 450 3213; x_wconf 87' lang='grc' dir='ltr'><strong><em>αῦτόν</em></strong></span> <span class='ocrx_word' id='word_1_287' title='bbox 480 3138 564 3229; x_wconf 80' lang='grc' dir='ltr'><strong><em>ἀμφὶ</em></strong></span> <span class='ocrx_word' id='word_1_288' title='bbox 596 3140 639 3213; x_wconf 83' lang='grc' dir='ltr'><strong><em>τὰ</em></strong></span> <span class='ocrx_word' id='word_1_289' title='bbox 668 3138 839 3231; x_wconf 78' lang='grc' dir='ltr'><strong><em>Ἰορδάνου</em></strong></span> <span class='ocrx_word' id='word_1_290' title='bbox 870 3144 988 3232; x_wconf 80' lang='grc' dir='ltr'><strong><em>ῥεῖθρα</em></strong></span> <span class='ocrx_word' id='word_1_291' title='bbox 1022 3137 1042 3231; x_wconf 87' lang='grc' dir='ltr'><strong><em>ῆ</em></strong></span> <span class='ocrx_word' id='word_1_292' title='bbox 1072 3140 1221 3230; x_wconf 87' lang='grc' dir='ltr'><strong><em>πατρικῆ</em></strong></span> <span class='ocrx_word' id='word_1_293' title='bbox 1253 3141 1355 3231; x_wconf 85' lang='grc' dir='ltr'><strong><em>φωνὴ</em></strong></span> <span class='ocrx_word' id='word_1_294' title='bbox 1385 3139 1511 3231; x_wconf 86' lang='grc' dir='ltr'><strong><em>μεγάλη</em></strong></span> 
     </span>
     <span class='ocr_line' id='line_1_28' title="bbox 201 3233 1510 3331; baseline 0.001 -20"><span class='ocrx_word' id='word_1_295' title='bbox 201 3247 420 3330; x_wconf 88' lang='grc' dir='ltr'><strong><em>μαρτυροῦσα</em></strong></span> <span class='ocrx_word' id='word_1_296' title='bbox 441 3247 505 3330; x_wconf 82' lang='grc' dir='ltr'><strong><em>βοῇ</em></strong></span> <span class='ocrx_word' id='word_1_297' title='bbox 534 3246 590 3315; x_wconf 69' lang='lat'><strong><em>51¹</em></strong></span> <span class='ocrx_word' id='word_1_298' title='bbox 622 3233 743 3325; x_wconf 78' lang='grc' dir='ltr'><strong><em>ιοῦτός</em></strong></span> <span class='ocrx_word' id='word_1_299' title='bbox 774 3245 865 3313; x_wconf 88' lang='grc' dir='ltr'><strong><em>ἐστιν</em></strong></span> <span class='ocrx_word' id='word_1_300' title='bbox 896 3236 915 3312; x_wconf 86' lang='grc' dir='ltr'><strong><em>ό</em></strong></span> <span class='ocrx_word' id='word_1_301' title='bbox 946 3237 1018 3323; x_wconf 86' lang='grc' dir='ltr'><strong><em>υίός</em></strong></span> <span class='ocrx_word' id='word_1_302' title='bbox 1047 3268 1113 3329; x_wconf 91' lang='grc' dir='ltr'><strong><em>μου</em></strong></span> <span class='ocrx_word' id='word_1_303' title='bbox 1143 3233 1162 3310; x_wconf 83' lang='grc' dir='ltr'><strong><em>ό</em></strong></span> <span class='ocrx_word' id='word_1_304' title='bbox 1194 3235 1383 3331; x_wconf 89' lang='grc' dir='ltr'><strong><em>ἀγαπητός,</em></strong></span> <span class='ocrx_word' id='word_1_305' title='bbox 1414 3245 1450 3312; x_wconf 88' lang='grc' dir='ltr'><strong><em>ἐν</em></strong></span> <span class='ocrx_word' id='word_1_306' title='bbox 1482 3233 1510 3331; x_wconf 76' lang='grc' dir='ltr'><em>ᾧ</em></span> 
     </span>
     <span class='ocr_line' id='line_1_29' title="bbox 201 3333 1513 3431; baseline 0 -20"><span class='ocrx_word' id='word_1_307' title='bbox 201 3336 409 3430; x_wconf 76' lang='grc' dir='ltr'><strong><em>ηύδόκησαι.</em></strong></span> <span class='ocrx_word' id='word_1_308' title='bbox 452 3348 509 3411; x_wconf 84' lang='grc' dir='ltr'><strong><em>καὶ</em></strong></span> <span class='ocrx_word' id='word_1_309' title='bbox 536 3346 690 3428; x_wconf 87' lang='grc' dir='ltr'><strong><em>δεοτεροῖ</em></strong></span> <span class='ocrx_word' id='word_1_310' title='bbox 713 3370 749 3431; x_wconf 91' lang='grc' dir='ltr'><strong><em>γε</em></strong></span> <span class='ocrx_word' id='word_1_311' title='bbox 772 3340 836 3431; x_wconf 90' lang='grc' dir='ltr'><strong><em>τῆν</em></strong></span> <span class='ocrx_word' id='word_1_312' title='bbox 857 3347 1045 3430; x_wconf 89' lang='grc' dir='ltr'><strong><em>μαρτυρίαν</em></strong></span> <span class='ocrx_word' id='word_1_313' title='bbox 1069 3344 1125 3409; x_wconf 80' lang='grc' dir='ltr'><strong><em>καὶ</em></strong></span> <span class='ocrx_word' id='word_1_314' title='bbox 1147 3342 1202 3410; x_wconf 84' lang='grc' dir='ltr'><strong><em>ἐπὶ</em></strong></span> <span class='ocrx_word' id='word_1_315' title='bbox 1225 3345 1286 3428; x_wconf 88' lang='grc' dir='ltr'><strong><em>τῆς</em></strong></span> <span class='ocrx_word' id='word_1_316' title='bbox 1307 3345 1345 3411; x_wconf 93' lang='grc' dir='ltr'><strong><em>ἐν</em></strong></span> <span class='ocrx_word' id='word_1_317' title='bbox 1366 3347 1418 3430; x_wconf 80' lang='grc' dir='ltr'><strong><em>τῷ</em></strong></span> <span class='ocrx_word' id='word_1_318' title='bbox 1441 3333 1513 3430; x_wconf 84' lang='grc' dir='ltr'><strong><em>ὄρει</em></strong></span> 
     </span>
     <span class='ocr_line' id='line_1_30' title="bbox 200 3433 1562 3529; baseline 0.001 -19"><span class='ocrx_word' id='word_1_319' title='bbox 200 3439 501 3529; x_wconf 82' lang='grc' dir='ltr'><strong><em>μεταμορφώσεως</em></strong></span> <span class='ocrx_word' id='word_1_320' title='bbox 522 3441 586 3513; x_wconf 87' lang='grc' dir='ltr'><strong><em>τόν</em></strong></span> <span class='ocrx_word' id='word_1_321' title='bbox 607 3437 715 3513; x_wconf 87' lang='grc' dir='ltr'><strong><em>αύτόν</em></strong></span> <span class='ocrx_word' id='word_1_322' title='bbox 735 3445 1039 3528; x_wconf 79' lang='grc' dir='ltr'><strong><em>ἐπισφραγιζομένη</em></strong></span> <span class='ocrx_word' id='word_1_323' title='bbox 1055 3436 1169 3527; x_wconf 92' lang='grc' dir='ltr'><strong><em>λόγον.</em></strong></span> <span class='ocrx_word' id='word_1_324' title='bbox 1203 3433 1308 3509; x_wconf 86' lang='grc' dir='ltr'><strong><em>αύτοῦ</em></strong></span> <span class='ocrx_word' id='word_1_325' title='bbox 1327 3445 1511 3528; x_wconf 89' lang='grc' dir='ltr'><strong><em>τοιγαροῦν</em></strong></span> <span class='ocrx_word' id='word_1_326' title='bbox 1545 3460 1562 3512; x_wconf 81' lang='grc'>5</span> 
     </span>
    </p>
   </div>
   <div class='ocr_carea' id='block_1_3' title="bbox 200 3651 1513 4131">
    <p class='ocr_par' dir='ltr' id='par_1_9' title="bbox 200 3651 1513 4131">
     <span class='ocr_line' id='line_1_31' title="bbox 290 3651 1512 3731; baseline -0.001 -16"><span class='ocrx_word' id='word_1_327' title='bbox 290 3660 386 3715; x_wconf 72' lang='lat'>2-10</span> <span class='ocrx_word' id='word_1_328' title='bbox 413 3661 467 3727; x_wconf 76' lang='lat' dir='ltr'><strong>vgl.</strong></span> <span class='ocrx_word' id='word_1_329' title='bbox 483 3661 607 3717; x_wconf 73' lang='lat' dir='ltr'><strong><em>Socrates</em></strong></span> <span class='ocrx_word' id='word_1_330' title='bbox 632 3663 659 3716; x_wconf 88' lang='lat' dir='ltr'><strong><em>h.</em></strong></span> <span class='ocrx_word' id='word_1_331' title='bbox 678 3678 700 3716; x_wconf 84' lang='grc' dir='ltr'><strong><em>ε.</em></strong></span> <span class='ocrx_word' id='word_1_332' title='bbox 723 3662 748 3727; x_wconf 82' lang='grc'><strong><em>2,</em></strong></span> <span class='ocrx_word' id='word_1_333' title='bbox 757 3663 789 3716; x_wconf 84' lang='grc'><strong><em>21</em></strong></span> <span class='ocrx_word' id='word_1_334' title='bbox 809 3661 861 3731; x_wconf 86' lang='grc' dir='ltr'><strong><em>(εδ.</em></strong></span> <span class='ocrx_word' id='word_1_335' title='bbox 879 3661 1008 3729; x_wconf 76' lang='grc' dir='ltr'><strong><em>Ηιιεεεγ);</em></strong></span> <span class='ocrx_word' id='word_1_336' title='bbox 1034 3655 1198 3715; x_wconf 81' lang='grc' dir='ltr'><strong><em>ἐπάκουσον</em></strong></span> <span class='ocrx_word' id='word_1_337' title='bbox 1220 3651 1268 3716; x_wconf 82' lang='grc' dir='ltr'><strong><em>σία</em></strong></span> <span class='ocrx_word' id='word_1_338' title='bbox 1292 3656 1426 3731; x_wconf 76' lang='grc' dir='ltr'><strong><em>Εὐσέβιος</em></strong></span> <span class='ocrx_word' id='word_1_339' title='bbox 1446 3660 1512 3730; x_wconf 82' lang='grc' dir='ltr'><strong><em>περί</em></strong></span> 
     </span>
     <span class='ocr_line' id='line_1_32' title="bbox 200 3756 1512 3837; baseline -0.002 -20"><span class='ocrx_word' id='word_1_340' title='bbox 200 3760 308 3818; x_wconf 80' lang='grc' dir='ltr'><strong><em>τούτου</em></strong></span> <span class='ocrx_word' id='word_1_341' title='bbox 334 3757 365 3817; x_wconf 83' lang='grc' dir='ltr'><strong><em>ἐν</em></strong></span> <span class='ocrx_word' id='word_1_342' title='bbox 392 3767 433 3832; x_wconf 83' lang='grc' dir='ltr'><strong><em>τῷ</em></strong></span> <span class='ocrx_word' id='word_1_343' title='bbox 451 3758 557 3836; x_wconf 83' lang='grc' dir='ltr'><strong><em>πρώτῳ</em></strong></span> <span class='ocrx_word' id='word_1_344' title='bbox 574 3763 673 3837; x_wconf 82' lang='grc' dir='ltr'><strong><em>βιβλίῳ</em></strong></span> <span class='ocrx_word' id='word_1_345' title='bbox 690 3768 732 3836; x_wconf 81' lang='grc' dir='ltr'><strong><em>τῷ</em></strong></span> <span class='ocrx_word' id='word_1_346' title='bbox 758 3763 786 3831; x_wconf 89' lang='grc'><strong><em>(1.</em></strong></span> <span class='ocrx_word' id='word_1_347' title='bbox 808 3762 896 3830; x_wconf 71' lang='grc' dir='ltr'><strong><em>τῶνλ)</em></strong></span> <span class='ocrx_word' id='word_1_348' title='bbox 914 3756 989 3832; x_wconf 82' lang='grc' dir='ltr'><strong><em>πρὸς</em></strong></span> <span class='ocrx_word' id='word_1_349' title='bbox 1006 3759 1178 3831; x_wconf 80' lang='grc' dir='ltr'><strong><em>Μάρκελλον</em></strong></span> <span class='ocrx_word' id='word_1_350' title='bbox 1194 3757 1269 3816; x_wconf 83' lang='grc' dir='ltr'><strong><em>κατὰ</em></strong></span> <span class='ocrx_word' id='word_1_351' title='bbox 1287 3758 1361 3826; x_wconf 76' lang='grc' dir='ltr'><strong><em>λέξιν</em></strong></span> <span class='ocrx_word' id='word_1_352' title='bbox 1380 3760 1512 3830; x_wconf 87' lang='grc' dir='ltr'><strong><em>φησίν·ὁ</em></strong></span> 
     </span>
     <span class='ocr_line' id='line_1_33' title="bbox 201 3859 1512 3936; baseline -0.002 -17"><span class='ocrx_word' id='word_1_353' title='bbox 201 3864 364 3934; x_wconf 68' lang='grc' dir='ltr'><strong><em>μονογενὴς</em></strong></span> <span class='ocrx_word' id='word_1_354' title='bbox 381 3903 489 3919; x_wconf 87' lang='grc'><strong>.....</strong></span> <span class='ocrx_word' id='word_1_355' title='bbox 507 3863 632 3921; x_wconf 81' lang='grc' dir='ltr'><strong><em>παιδεύει</em></strong></span> <span class='ocrx_word' id='word_1_356' title='bbox 649 3859 742 3936; x_wconf 87' lang='grc' dir='ltr'><strong><em>λόγια.</em></strong></span> <span class='ocrx_word' id='word_1_357' title='bbox 760 3893 793 3904; x_wconf 92' lang='grc'>-</span> <span class='ocrx_word' id='word_1_358' title='bbox 821 3862 913 3933; x_wconf 78' lang='lat' dir='ltr'><strong><em>4ng</em></strong></span> <span class='ocrx_word' id='word_1_359' title='bbox 931 3861 1029 3933; x_wconf 74' lang='lat' dir='ltr'>Epiph.</span> <span class='ocrx_word' id='word_1_360' title='bbox 1048 3863 1122 3919; x_wconf 80' lang='lat' dir='ltr'><strong>haer.</strong></span> <span class='ocrx_word' id='word_1_361' title='bbox 1140 3862 1246 3929; x_wconf 53' lang='lat'>0934?</span> <span class='ocrx_word' id='word_1_362' title='bbox 1263 3891 1297 3900; x_wconf 90' lang='lat'>—</span> <span class='ocrx_word' id='word_1_363' title='bbox 1317 3861 1354 3917; x_wconf 81' lang='lat'><strong><em>12</em></strong></span> <span class='ocrx_word' id='word_1_364' title='bbox 1373 3861 1434 3918; x_wconf 83' lang='lat' dir='ltr'>Joh.</span> <span class='ocrx_word' id='word_1_365' title='bbox 1454 3864 1477 3928; x_wconf 86' lang='lat'><strong><em>1,</em></strong></span> <span class='ocrx_word' id='word_1_366' title='bbox 1496 3864 1512 3917; x_wconf 85' lang='lat'><strong>3</strong></span> 
     </span>
     <span class='ocr_line' id='line_1_34' title="bbox 202 3962 1513 4031; baseline -0.002 -11"><span class='ocrx_word' id='word_1_367' title='bbox 202 3995 235 4004; x_wconf 90' lang='lat'>-</span> <span class='ocrx_word' id='word_1_368' title='bbox 266 3964 384 4020; x_wconf 72' lang='grc'><strong><em>181101.</em></strong></span> <span class='ocrx_word' id='word_1_369' title='bbox 404 3967 427 4031; x_wconf 95' lang='grc'><strong><em>1,</em></strong></span> <span class='ocrx_word' id='word_1_370' title='bbox 446 3965 479 4020; x_wconf 89' lang='grc'><strong><em>16</em></strong></span> <span class='ocrx_word' id='word_1_371' title='bbox 501 3994 534 4005; x_wconf 94' lang='grc'>-</span> <span class='ocrx_word' id='word_1_372' title='bbox 562 3966 599 4020; x_wconf 77' lang='grc'><strong><em>15</em></strong></span> <span class='ocrx_word' id='word_1_373' title='bbox 618 3965 722 4031; x_wconf 70' lang='grc'><strong><em>11011,</em></strong></span> <span class='ocrx_word' id='word_1_374' title='bbox 741 3965 781 4020; x_wconf 89' lang='grc'><strong><em>16.</em></strong></span> <span class='ocrx_word' id='word_1_375' title='bbox 801 3967 832 4020; x_wconf 85' lang='grc'><strong><em>17</em></strong></span> <span class='ocrx_word' id='word_1_376' title='bbox 850 3994 883 4003; x_wconf 90' lang='lat'>-</span> <span class='ocrx_word' id='word_1_377' title='bbox 902 3964 939 4019; x_wconf 79' lang='grc'><strong><em>21</em></strong></span> <span class='ocrx_word' id='word_1_378' title='bbox 960 3962 1021 4018; x_wconf 80' lang='lat' dir='ltr'>Kol.</span> <span class='ocrx_word' id='word_1_379' title='bbox 1040 3967 1063 4027; x_wconf 91' lang='grc'><strong><em>1,</em></strong></span> <span class='ocrx_word' id='word_1_380' title='bbox 1082 3966 1115 4017; x_wconf 86' lang='grc'><strong><em>15</em></strong></span> <span class='ocrx_word' id='word_1_381' title='bbox 1132 3992 1166 4002; x_wconf 86' lang='lat'>-</span> <span class='ocrx_word' id='word_1_382' title='bbox 1184 3963 1224 4018; x_wconf 74' lang='lat'><strong><em>22</em></strong></span> <span class='ocrx_word' id='word_1_383' title='bbox 1243 3962 1347 4018; x_wconf 76' lang='lat' dir='ltr'>Weish.</span> <span class='ocrx_word' id='word_1_384' title='bbox 1364 3962 1419 4016; x_wconf 74' lang='lat' dir='ltr'><strong>Sal.</strong></span> <span class='ocrx_word' id='word_1_385' title='bbox 1438 3964 1461 4026; x_wconf 83' lang='grc'><strong><em>7,</em></strong></span> <span class='ocrx_word' id='word_1_386' title='bbox 1479 3964 1513 4018; x_wconf 84' lang='grc'><strong><em>26</em></strong></span> 
     </span>
     <span class='ocr_line' id='line_1_35' title="bbox 203 4065 985 4131; baseline -0.006 -8"><span class='ocrx_word' id='word_1_387' title='bbox 203 4096 238 4106; x_wconf 88' lang='grc'><strong>-</strong></span> <span class='ocrx_word' id='word_1_388' title='bbox 257 4068 294 4125; x_wconf 76' lang='grc'><strong><em>27</em></strong></span> <span class='ocrx_word' id='word_1_389' title='bbox 314 4067 456 4129; x_wconf 63' lang='grc' dir='ltr'><strong><em>Μιιιιισ,</em></strong></span> <span class='ocrx_word' id='word_1_390' title='bbox 475 4069 507 4122; x_wconf 89' lang='grc'><strong><em>17</em></strong></span> <span class='ocrx_word' id='word_1_391' title='bbox 526 4066 586 4121; x_wconf 76' lang='lat' dir='ltr'>Par.</span> <span class='ocrx_word' id='word_1_392' title='bbox 605 4095 638 4105; x_wconf 89' lang='lat'>-</span> <span class='ocrx_word' id='word_1_393' title='bbox 656 4067 696 4124; x_wconf 78' lang='lat'><strong><em>28</em></strong></span> <span class='ocrx_word' id='word_1_394' title='bbox 713 4066 812 4121; x_wconf 76' lang='lat' dir='ltr'><strong>Matth.</strong></span> <span class='ocrx_word' id='word_1_395' title='bbox 831 4068 870 4131; x_wconf 89' lang='grc'><strong><em>17,</em></strong></span> <span class='ocrx_word' id='word_1_396' title='bbox 889 4068 905 4120; x_wconf 80' lang='grc' dir='ltr'><strong><em>δ</em></strong></span> <span class='ocrx_word' id='word_1_397' title='bbox 923 4065 985 4118; x_wconf 74' lang='lat' dir='ltr'><strong>Par.</strong></span> 
     </span>
    </p>
   </div>
   <div class='ocr_carea' id='block_1_4' title="bbox 204 4240 1513 4726">
    <p class='ocr_par' dir='ltr' id='par_1_10' title="bbox 204 4240 1513 4726">
     <span class='ocr_line' id='line_1_36' title="bbox 293 4240 1512 4322; baseline -0.004 -18"><span class='ocrx_word' id='word_1_398' title='bbox 293 4250 308 4304; x_wconf 91' lang='grc'><strong><em>1</em></strong></span> <span class='ocrx_word' id='word_1_399' title='bbox 337 4247 514 4319; x_wconf 77' lang='grc' dir='ltr'><strong><em>αὐτοσοφίαν</em></strong></span> <span class='ocrx_word' id='word_1_400' title='bbox 532 4262 574 4303; x_wconf 79' lang='lat' dir='ltr'><strong><em>mr</em></strong></span> <span class='ocrx_word' id='word_1_401' title='bbox 602 4251 607 4318; x_wconf 94' lang='grc' dir='ltr'>Ι</span> <span class='ocrx_word' id='word_1_402' title='bbox 634 4249 652 4304; x_wconf 77' lang='lat'>2</span> <span class='ocrx_word' id='word_1_403' title='bbox 676 4247 771 4322; x_wconf 84' lang='grc' dir='ltr'><strong><em>χάριν]</em></strong></span> <span class='ocrx_word' id='word_1_404' title='bbox 790 4258 821 4315; x_wconf 81' lang='grc' dir='ltr'><strong><em>-Ι-</em></strong></span> <span class='ocrx_word' id='word_1_405' title='bbox 840 4240 858 4304; x_wconf 85' lang='grc' dir='ltr'><strong><em>δ</em></strong></span> <span class='ocrx_word' id='word_1_406' title='bbox 875 4250 948 4303; x_wconf 78' lang='lat' dir='ltr'>Soet.</span> <span class='ocrx_word' id='word_1_407' title='bbox 974 4251 979 4317; x_wconf 92' lang='grc' dir='ltr'>Ι</span> <span class='ocrx_word' id='word_1_408' title='bbox 1006 4247 1025 4302; x_wconf 78' lang='grc' dir='ltr'><strong><em>θ</em></strong></span> <span class='ocrx_word' id='word_1_409' title='bbox 1053 4244 1143 4313; x_wconf 74' lang='grc' dir='ltr'><strong><em>οὐδείς</em></strong></span> <span class='ocrx_word' id='word_1_410' title='bbox 1161 4245 1212 4300; x_wconf 73' lang='lat' dir='ltr'><strong><em>We</em></strong></span> <span class='ocrx_word' id='word_1_411' title='bbox 1230 4247 1285 4316; x_wconf 66' lang='grc' dir='ltr'><strong><em>νηί.</em></strong></span> <span class='ocrx_word' id='word_1_412' title='bbox 1304 4247 1331 4300; x_wconf 87' lang='grc' dir='ltr'><strong><em>Ζ.</em></strong></span> <span class='ocrx_word' id='word_1_413' title='bbox 1349 4247 1383 4302; x_wconf 83' lang='grc'><strong><em>20</em></strong></span> <span class='ocrx_word' id='word_1_414' title='bbox 1405 4244 1469 4302; x_wconf 77' lang='grc' dir='ltr'><strong><em>οῦδὲ</em></strong></span> <span class='ocrx_word' id='word_1_415' title='bbox 1488 4247 1512 4299; x_wconf 75' lang='lat' dir='ltr'><strong>V</strong></span> 
     </span>
     <span class='ocr_line' id='line_1_37' title="bbox 204 4345 1513 4419; baseline -0.003 -13"><span class='ocrx_word' id='word_1_416' title='bbox 204 4351 278 4406; x_wconf 74' lang='lat' dir='ltr'>Soet.</span> <span class='ocrx_word' id='word_1_417' title='bbox 305 4354 311 4417; x_wconf 86' lang='grc' dir='ltr'>Ι</span> <span class='ocrx_word' id='word_1_418' title='bbox 337 4350 355 4406; x_wconf 78' lang='lat'>5</span> <span class='ocrx_word' id='word_1_419' title='bbox 378 4345 482 4419; x_wconf 81' lang='grc' dir='ltr'><strong><em>δμοιον</em></strong></span> <span class='ocrx_word' id='word_1_420' title='bbox 504 4351 576 4406; x_wconf 84' lang='lat' dir='ltr'>Socr.</span> <span class='ocrx_word' id='word_1_421' title='bbox 603 4352 608 4416; x_wconf 87' lang='grc' dir='ltr'>Ι</span> <span class='ocrx_word' id='word_1_422' title='bbox 636 4350 675 4406; x_wconf 76' lang='lat' dir='ltr'><em>u</em></span> <span class='ocrx_word' id='word_1_423' title='bbox 696 4348 785 4419; x_wconf 82' lang='grc' dir='ltr'><strong><em>ταύτη</em></strong></span> <span class='ocrx_word' id='word_1_424' title='bbox 803 4380 836 4389; x_wconf 98' lang='grc'>-</span> <span class='ocrx_word' id='word_1_425' title='bbox 858 4354 929 4406; x_wconf 85' lang='grc' dir='ltr'><strong><em>θεοῦ</em></strong></span> <span class='ocrx_word' id='word_1_426' title='bbox 956 4357 989 4409; x_wconf 95' lang='grc'>&lt;</span> <span class='ocrx_word' id='word_1_427' title='bbox 1010 4348 1082 4402; x_wconf 72' lang='lat' dir='ltr'>Soet.</span> <span class='ocrx_word' id='word_1_428' title='bbox 1110 4348 1115 4416; x_wconf 88' lang='grc' dir='ltr'>Ι</span> <span class='ocrx_word' id='word_1_429' title='bbox 1142 4348 1181 4404; x_wconf 81' lang='grc'><strong><em>10</em></strong></span> <span class='ocrx_word' id='word_1_430' title='bbox 1207 4347 1367 4417; x_wconf 81' lang='grc' dir='ltr'><strong><em>κοινωνίας]</em></strong></span> <span class='ocrx_word' id='word_1_431' title='bbox 1394 4351 1442 4402; x_wconf 79' lang='grc' dir='ltr'><strong><em>ελε.</em></strong></span> <span class='ocrx_word' id='word_1_432' title='bbox 1459 4347 1513 4402; x_wconf 82' lang='lat' dir='ltr'><strong><em>We</em></strong></span> 
     </span>
     <span class='ocr_line' id='line_1_38' title="bbox 204 4446 1510 4524; baseline -0.003 -17"><span class='ocrx_word' id='word_1_433' title='bbox 204 4454 256 4507; x_wconf 84' lang='grc' dir='ltr'><strong><em>καλ</em></strong></span> <span class='ocrx_word' id='word_1_434' title='bbox 280 4471 307 4506; x_wconf 91' lang='grc' dir='ltr'><strong><em>κ.</em></strong></span> <span class='ocrx_word' id='word_1_435' title='bbox 330 4449 388 4507; x_wconf 81' lang='lat' dir='ltr'>eod.</span> <span class='ocrx_word' id='word_1_436' title='bbox 407 4453 437 4506; x_wconf 88' lang='lat' dir='ltr'>M</span> <span class='ocrx_word' id='word_1_437' title='bbox 455 4451 501 4507; x_wconf 81' lang='lat' dir='ltr'><strong><em>bei</em></strong></span> <span class='ocrx_word' id='word_1_438' title='bbox 519 4452 593 4506; x_wconf 84' lang='lat' dir='ltr'><strong>Socr.</strong></span> <span class='ocrx_word' id='word_1_439' title='bbox 620 4452 625 4520; x_wconf 89' lang='grc' dir='ltr'>Ι</span> <span class='ocrx_word' id='word_1_440' title='bbox 650 4452 716 4524; x_wconf 77' lang='grc' dir='ltr'><strong><em>περὶ</em></strong></span> <span class='ocrx_word' id='word_1_441' title='bbox 743 4449 830 4506; x_wconf 80' lang='grc' dir='ltr'><strong><em>αὐτοῦ</em></strong></span> <span class='ocrx_word' id='word_1_442' title='bbox 857 4450 894 4506; x_wconf 85' lang='grc' dir='ltr'><strong><em>τὰ</em></strong></span> <span class='ocrx_word' id='word_1_443' title='bbox 912 4454 978 4507; x_wconf 88' lang='grc' dir='ltr'><strong><em>θεῖα</em></strong></span> <span class='ocrx_word' id='word_1_444' title='bbox 997 4450 1070 4505; x_wconf 78' lang='lat' dir='ltr'><strong>Soet.</strong></span> <span class='ocrx_word' id='word_1_445' title='bbox 1096 4451 1101 4517; x_wconf 95' lang='grc' dir='ltr'>Ι</span> <span class='ocrx_word' id='word_1_446' title='bbox 1129 4449 1169 4504; x_wconf 71' lang='lat'><strong><em>20</em></strong></span> <span class='ocrx_word' id='word_1_447' title='bbox 1188 4446 1267 4505; x_wconf 73' lang='grc' dir='ltr'><strong><em>οὐδὲν</em></strong></span> <span class='ocrx_word' id='word_1_448' title='bbox 1286 4448 1334 4511; x_wconf 81' lang='lat' dir='ltr'><strong><em>V*,</em></strong></span> <span class='ocrx_word' id='word_1_449' title='bbox 1353 4465 1421 4504; x_wconf 78' lang='lat' dir='ltr'>corr.</span> <span class='ocrx_word' id='word_1_450' title='bbox 1440 4450 1476 4503; x_wconf 79' lang='lat' dir='ltr'><strong><em>V¹</em></strong></span> <span class='ocrx_word' id='word_1_451' title='bbox 1508 4452 1510 4483; x_wconf 65' lang='grc' dir='ltr'><strong><em>ί</em></strong></span> 
     </span>
     <span class='ocr_line' id='line_1_39' title="bbox 206 4547 1512 4623; baseline -0.002 -15"><span class='ocrx_word' id='word_1_452' title='bbox 206 4552 245 4608; x_wconf 74' lang='lat'><strong><em>21</em></strong></span> <span class='ocrx_word' id='word_1_453' title='bbox 264 4569 296 4608; x_wconf 86' lang='grc' dir='ltr'><strong><em>τε</em></strong></span> <span class='ocrx_word' id='word_1_454' title='bbox 314 4570 343 4607; x_wconf 89' lang='lat' dir='ltr'><strong>m</strong></span> <span class='ocrx_word' id='word_1_455' title='bbox 369 4554 374 4621; x_wconf 94' lang='grc' dir='ltr'>Ι</span> <span class='ocrx_word' id='word_1_456' title='bbox 406 4552 444 4609; x_wconf 80' lang='lat'><strong><em>25</em></strong></span> <span class='ocrx_word' id='word_1_457' title='bbox 463 4550 676 4621; x_wconf 81' lang='grc' dir='ltr'><strong><em>ἐπιδεικνύμενα</em></strong></span> <span class='ocrx_word' id='word_1_458' title='bbox 695 4553 738 4608; x_wconf 79' lang='lat' dir='ltr'><strong><em>Ga</em></strong></span> <span class='ocrx_word' id='word_1_459' title='bbox 755 4553 810 4623; x_wconf 81' lang='lat' dir='ltr'><strong>vgl.</strong></span> <span class='ocrx_word' id='word_1_460' title='bbox 828 4552 855 4606; x_wconf 86' lang='grc' dir='ltr'><strong><em>Ζ.</em></strong></span> <span class='ocrx_word' id='word_1_461' title='bbox 865 4554 898 4608; x_wconf 90' lang='grc'><strong><em>10</em></strong></span> <span class='ocrx_word' id='word_1_462' title='bbox 916 4548 1161 4619; x_wconf 66' lang='grc' dir='ltr'><strong><em>ἐπιδεικνυμένηί</em></strong></span> <span class='ocrx_word' id='word_1_463' title='bbox 1195 4551 1200 4619; x_wconf 95' lang='grc' dir='ltr'>Ι</span> <span class='ocrx_word' id='word_1_464' title='bbox 1235 4549 1292 4605; x_wconf 74' lang='grc'><strong><em>261</em></strong></span> <span class='ocrx_word' id='word_1_465' title='bbox 1315 4547 1424 4619; x_wconf 83' lang='grc' dir='ltr'><strong><em>μεγάλη</em></strong></span> <span class='ocrx_word' id='word_1_466' title='bbox 1442 4569 1512 4620; x_wconf 88' lang='grc' dir='ltr'><strong><em>μαρ·</em></strong></span> 
     </span>
     <span class='ocr_line' id='line_1_40' title="bbox 205 4653 1010 4726; baseline -0.005 -17"><span class='ocrx_word' id='word_1_467' title='bbox 205 4661 331 4725; x_wconf 85' lang='grc' dir='ltr'><strong><em>τνροῦσα</em></strong></span> <span class='ocrx_word' id='word_1_468' title='bbox 349 4657 405 4726; x_wconf 84' lang='grc' dir='ltr'><strong><em>βοᾶ</em></strong></span> <span class='ocrx_word' id='word_1_469' title='bbox 425 4655 457 4723; x_wconf 69' lang='grc' dir='ltr'><strong><em>λ’,</em></strong></span> <span class='ocrx_word' id='word_1_470' title='bbox 475 4672 543 4711; x_wconf 75' lang='lat' dir='ltr'><strong>corr.</strong></span> <span class='ocrx_word' id='word_1_471' title='bbox 562 4654 598 4709; x_wconf 84' lang='grc' dir='ltr'><strong><em>Κ]</em></strong></span> <span class='ocrx_word' id='word_1_472' title='bbox 616 4654 672 4724; x_wconf 81' lang='lat' dir='ltr'>vgl.</span> <span class='ocrx_word' id='word_1_473' title='bbox 691 4654 725 4709; x_wconf 84' lang='grc' dir='ltr'><strong><em>δε</em></strong></span> <span class='ocrx_word' id='word_1_474' title='bbox 743 4655 808 4709; x_wconf 80' lang='lat' dir='ltr'>eccl.</span> <span class='ocrx_word' id='word_1_475' title='bbox 823 4653 863 4707; x_wconf 77' lang='lat' dir='ltr'><strong><em>th.</em></strong></span> <span class='ocrx_word' id='word_1_476' title='bbox 882 4655 917 4719; x_wconf 92' lang='grc' dir='ltr'><strong><em>ΙΙ,</em></strong></span> <span class='ocrx_word' id='word_1_477' title='bbox 934 4654 976 4718; x_wconf 79' lang='grc'><strong><em>23,</em></strong></span> <span class='ocrx_word' id='word_1_478' title='bbox 994 4655 1010 4706; x_wconf 81' lang='lat'>5</span> 
     </span>
    </p>
   </div>
   <div class='ocr_carea' id='block_1_5' title="bbox 1264 4737 1300 4787">
    <p class='ocr_par' dir='ltr' id='par_1_11' title="bbox 1264 4737 1300 4787">
     <span class='ocr_line' id='line_1_41' title="bbox 1264 4737 1300 4787; baseline 0 -19"><span class='ocrx_word' id='word_1_479' title='bbox 1264 4737 1300 4787; x_wconf 69' lang='grc'><strong><em>5*</em></strong></span> 
     </span>
    </p>
   </div>
   <div class='ocr_carea' id='block_1_6' title="bbox 0 0 1870 5510">
    <p class='ocr_par' dir='ltr' id='par_1_12' title="bbox 0 0 1870 5510">
     <span class='ocr_line' id='line_1_42' title="bbox 0 0 1870 5510; baseline 0 0"><span class='ocrx_word' id='word_1_480' title='bbox 0 0 1870 5510; x_wconf 95' lang='lat' dir='ltr'><strong><em> </em></strong></span> 
     </span>
    </p>
   </div>
  </div>
 </body>
</html>
