3674 5506
345 489 403 551 162
925 480 1059 538 Eusebius

344 639 506 728 συνόντος
536 639 631 735 αύτῷ
660 645 798 731 ἑτοίμου
823 672 861 715 τε
882 651 1105 735 παρεστῶτος
1131 649 1177 728 είς
1204 642 1247 735 ἣν
1276 649 1437 715 τέτακται
1467 647 1644 729 διακονίαν,

344 737 403 815 ότε
428 751 484 815 καὶ
511 735 664 831 άψασθαι
696 740 803 816 αὐτοῦ
832 748 1013 832 ἐπιτρέπει.
1058 741 1138 818 τότε
1168 743 1232 834 γάρ
1265 740 1399 826 εαότοῖς
1429 740 1642 833 ἐνεφύσησεν(
1661 758 1691 811 14

343 849 398 913 καί
421 840 501 914 τότε
531 850 632 932 μέρος
654 871 689 914 τι
707 851 912 933 χαρίσματος
937 849 1001 915 τοῦ
1022 839 1120 933 ἀγίου
1141 841 1335 932 πνεύματος
1357 839 1486 926 αύτοῖς,
1517 841 1557 913 τὸ
1586 847 1645 932 τῆς

343 936 496 1028 ἀφέσεως
518 949 592 1014 τῶν
614 937 868 1034 ἁμαρτημάτων
888 942 1086 1033 ποιητικόν,
1110 949 1235 1016 ἐδίδου·
1258 949 1466 1032 εδιαιρέσεις(
1491 942 1552 1031 γὰρ
1576 969 1646 1031 εχα·

308 1054 325 1107 5
343 1037 518 1131 ρισμάτων
539 1047 653 1127 είσίν(,
678 1035 730 1114 σόν
751 1047 788 1113 ἐκ
809 1050 930 1133 μέρους
951 1048 1013 1133 μὲν
1035 1040 1151 1128 αότοῖς
1172 1047 1331 1134 ἐδωρεῖτο
1355 1040 1437 1139 τότε
1459 1043 1574 1114 συνών
1593 1049 1645 1112 καί

341 1141 464 1228 παρών
495 1137 624 1226 αύτοῖς,
654 1141 740 1232 μετὰ
770 1149 806 1215 δὲ
837 1149 946 1215 ταῦτα
966 1152 1121 1233 μείζονος
1143 1139 1268 1227 αύτούς
1288 1149 1344 1214 καὶ
1366 1148 1573 1232 τελεωτέρας
1596 1147 1646 1212 δυ

342 1238 476 1328 νάμεως
497 1240 656 1330 ἐπλήρου.
699 1250 775 1331 περὶ
808 1236 847 1333 ῆς
876 1247 914 1314 ἐν
944 1262 1018 1328 ταῖς
1039 1241 1206 1332 Πράξεσιν
1232 1250 1305 1314 τῶν
1331 1238 1540 1315 ἀποστόλων
1564 1239 1647 1328 πρὸς

341 1337 466 1424 αύτούς
488 1345 552 1431 ἐφη
574 1347 630 1415 81¹
655 1338 765 1432 εῦμεῖς
788 1349 823 1415 δέ
839 1343 991 1434 λήψεσθε
1012 1348 1049 1431 ἐξ
1069 1337 1178 1430 ῦφους
1200 1341 1340 1433 δύναμιν
1355 1337 1568 1423 ἐπελθόντος
1587 1346 1647 1411 τοῦ

342 1436 440 1535 ἀγίου
460 1442 653 1530 πνεύματος
675 1439 727 1529 ἐφ’
749 1439 868 1532 ύμᾶς(·
889 1436 948 1514 ότε
970 1449 1026 1513 καὶ
1047 1439 1341 1532 βαπτισθῆοεσθαι
1355 1434 1537 1524 αύτούςέν
1550 1437 1647 1510 πνεύ-

290 1551 324 1606 10
341 1568 422 1629 ματι
444 1535 528 1630 άγίῳ
551 1545 788 1630 ἐπηγγέλλετο,
812 1535 831 1612 ό
854 1541 895 1631 δὴ
916 1548 972 1613 καὶ
995 1538 1079 1613 αύτό
1095 1545 1286 1631 ἐπληροῦτο
1300 1540 1385 1631 μετὰ
1400 1539 1466 1630 τὴν
1482 1535 1648 1628 ἀνάληψιν

342 1637 462 1725 αὐτοῦ,
484 1639 572 1711 κατὰ
594 1640 659 1730 τήν
680 1637 806 1731 ἡμέραν
828 1646 889 1731 τῆς
908 1646 1142 1731 πεντηκοστῆς
1168 1639 1424 1724 ἀποσταλέντος
1451 1635 1568 1722 αύτοῖς
1588 1643 1647 1710 τοῦ

317 1734 438 1826 ιάγίοο
469 1739 664 1829 πνεύματος
684 1758 759 1823 ταῖς
781 1736 887 1813 αῦτοῦ
909 1759 1043 1828 φωναῖς
1064 1736 1276 1824 ἀκολούθως.
1317 1747 1479 1822 πλείονος
1501 1743 1536 1810 δέ
1566 1742 1646 1825 ἐξερ-
1662 1752 1691 1807 15

341 1844 456 1925 γασίας
476 1845 533 1910 καὶ
555 1849 740 1929 σαφηνείας
760 1845 933 1929 δεομένων
949 1848 1023 1912 τῶν
1036 1839 1124 1912 κατὰ
1139 1839 1203 1912 τόν
1218 1838 1329 1913 τόπον
1344 1836 1386 1911 ού
1400 1845 1465 1911 νῦν
1486 1844 1647 1925 ἐπεξιέναι

340 1935 457 2025 καιρὸς
479 1946 522 2027 τῇ
543 1944 606 2029 τῆς
628 1937 811 2025 ἐξετάσεως
833 1937 995 2032 ἀκριβείᾳ,
1029 1944 1101 2012 ἐπεὶ
1126 1945 1210 2030 μηδὲ
1236 1935 1336 2011 τοῦθ’
1363 1936 1443 2029 ἡμῖν
1466 1934 1647 2027 πρόκειται,

291 2049 323 2103 15
339 2044 554 2128 παραστῆσαι
576 2036 609 2110 δ’
631 2045 733 2130 ἐχρῆν
764 2041 882 2130 ἕτερον
907 2042 994 2111 εἶναι
1016 2046 1079 2112 τοῦ
1104 2042 1180 2113 υίοῦ
1201 2037 1242 2111 τὸ
1264 2035 1491 2128 παράκλητον
1511 2044 1647 2128 πνεῦμα,

341 2131 359 2208 ό
392 2136 432 2227 δή
462 2145 519 2208 καί
548 2135 733 2228 ἀπεδείχθη
764 2136 939 2228 διαφόρως
970 2136 1015 2212 δι>
1048 2132 1101 2211 ὦν
1131 2136 1234 2225 αύτὸς
1263 2144 1460 2212 ἐπαίδευσεν
1487 2133 1647 2226 όσωτῆρ,

339 2233 427 2324 πρός
457 2264 494 2306 τε
524 2255 597 2321 τοῖς
624 2236 742 2320 ἄλλοις
765 2245 820 2308 καὶ
848 2244 885 2311 ἐν
907 2240 959 2322 οίς
979 2241 1091 2330 ἐλεγεν
1116 2244 1185 2311 »ἔτι
1206 2239 1321 2313 πολλὰ
1342 2242 1408 2329 ἔχω
1431 2244 1544 2328 λέγειν
1564 2234 1646 2325 ῦμῖν,

339 2331 414 2406 ἀλλ’
436 2332 477 2406 ού
498 2334 644 2409 δύνασθε
666 2335 843 2425 βαστάζειν
869 2338 959 2426 ἄρτι·
990 2334 1077 2411 όταν
1099 2345 1134 2410 δέ
1157 2343 1241 2427 ἔλθη
1264 2343 1434 2428 (ἐκεῖνος)
1457 2335 1499 2408 τό
1521 2341 1646 2425 πνεῦμα

340 2442 401 2526 τῆς
422 2432 594 2524 ἀληθείας,
616 2434 808 2526 διηγήσεται
822 2434 901 2528 ῦμῖν
916 2439 981 2529 τὴν
996 2433 1163 2528 ἀλήθειαν
1177 2445 1302 2511 πᾶσαν·
1318 2436 1359 2511 οῦ
1373 2437 1436 2526 γὰρ
1453 2433 1512 2523 ἀφ’
1528 2436 1645 2507 ἑαυτοῦ
1661 2442 1689 2496 16

288 2546 322 2602 20
339 2533 486 2626 λαλήσει,
508 2532 583 2609 ἀλλ’
605 2529 668 2607 όσα
689 2533 837 2621 ἀκούσει,
867 2547 924 2609 καί
946 2537 989 2610 τά
1011 2535 1173 2629 ἐρχόμενα
1194 2534 1372 2629 ἀναγγελεῖ
1390 2534 1479 2628 ύμῖν.
1521 2539 1643 2616 ἐκεῖνος

339 2640 395 2725 ἐμὲ
417 2631 563 2722 δοξάσει,
598 2629 652 2707 ότι
674 2641 711 2708 ἐκ
733 2643 797 2708 τοῦ
818 2641 900 2726 ἐμοῦ
922 2636 1068 2728 λήψεται
1089 2644 1145 2710 καὶ
1166 2635 1344 2726 ἀναγγελεῖ
1362 2633 1472 2726 ύμῖν(
1505 2643 1510 2724 1
1542 2640 1579 2706 ἐν
1599 2633 1647 2715 οἷς
1662 2639 1715 2697 1²⁸

339 2732 445 2808 πάλιν
475 2732 496 2805 ἀ
522 2735 566 2825 μή
594 2732 697 2819 αὐτὸς
718 2740 870 2823 ἐδίδαξεν
891 2744 1000 2809 ταῦτα
1021 2736 1236 2829 μαθήσεσθαι
1256 2737 1338 2820 τούς
1359 2733 1469 2808 αύτοῦ
1494 2730 1647 2825 μαθητὰς

339 2832 407 2908 ῦπό
430 2842 492 2908 τοῦ
514 2831 611 2924 ἀγίου
640 2834 833 2925 πνεύματος
859 2839 1113 2925 ἐπαγγέλλεται,
1145 2836 1194 2922 (ῦς
1223 2845 1299 2927 περί
1330 2838 1451 2925 ἐτέρου
1478 2831 1646 2924 λέγωντὰ

343 2928 448 3006 »όταν
478 2937 563 3023 ἔλθη
593 2939 738 3018 ἐκεῖνος(
771 2942 827 3006 καὶ
858 2936 900 3008 τὸ
934 2932 994 3008 »οά
1020 2936 1082 3026 γὰρ
1115 2932 1174 3024 ἀφ’
1195 2937 1319 3009 ἑαυτοῦ
1345 2933 1500 3026 λαλήσει(
1531 2941 1587 3006 καί
1607 2929 1646 3002 τό

288 3042 322 3096 25
343 3038 487 3117 »ἐκεῖνος
509 3038 565 3124 ἐμὲ
586 3031 737 3120 δοξάσει(
761 3040 817 3106 καί
839 3034 881 3107 τὸ
907 3032 979 3107 »ότι
1002 3041 1040 3107 ἐκ
1061 3043 1124 3108 τοῦ
1145 3040 1227 3125 ἐμοῦ
1248 3033 1428 3127 λήψεται(
1456 3043 1566 3107 ταῦτα
1588 3031 1645 3121 γὰρ

339 3132 455 3206 πάντα
476 3129 727 3224 ῦπολαμβάνειν
748 3132 812 3206 τὸν
834 3141 972 3225 σωτῆρα
994 3131 1100 3207 αὐτὸν
1117 3142 1194 3224 περὶ
1217 3137 1340 3208 ἑαυτοῦ
1355 3142 1466 3224 λέγειν
1488 3132 1579 3224 δεινὴ
1593 3139 1646 3202 καὶ

340 3230 611 3323 δυσθεράπευτος
633 3229 779 3323 εύῆθεια.
818 3230 904 3307 ἀλλά
920 3235 982 3323 γὰρ
1005 3241 1123 3322 σαφῶς
1144 3233 1199 3306 διὰ
1220 3233 1359 3307 τούτων
1381 3231 1486 3319 αῦτὸς
1501 3229 1520 3306 ό
1535 3230 1645 3320 σωτήρ
1661 3239 1689 3292 11

340 3332 381 3405 τὸ
403 3339 534 3423 πνεῦμα
556 3331 597 3405 τό
620 3326 718 3423 ἅγιον
741 3336 858 3422 ἕτερον
877 3331 1040 3423 ὑπάρχειν
1061 3330 1139 3424 παρ’
1162 3332 1286 3406 ἑαυτὸν
1307 3338 1467 3420 ἐδίδαξεν,
1488 3339 1568 3422 τιμῇ
1588 3335 1645 3417 μέν

339 3441 395 3504 καὶ
417 3429 499 3520 δόξῃ
520 3440 577 3503 καὶ
598 3443 785 3522 πρεσβείαις
805 3429 971 3521 ῦπερέχον
991 3441 1047 3504 καὶ
1068 3453 1227 3524 κρεῖττον
1252 3440 1307 3505 καί
1335 3430 1514 3521 ἀνώτερον
1541 3428 1646 3519 πάσης

288 3536 323 3591 30
340 3539 402 3621 τῆς
424 3539 546 3621 νοερᾶς
566 3540 623 3603 καὶ
644 3540 782 3622 λογικῆς
805 3530 973 3622 τυγχάνον
995 3529 1110 3617 ούοίας
1131 3532 1197 3619 (διὸ
1219 3541 1275 3605 καί
1297 3542 1589 3623 συμπαρείληπται
1605 3536 1645 3617 τῆ

340 3627 419 3724 ἀγίᾳ
437 3637 493 3703 καὶ
516 3640 737 3723 τρισμακαρία
758 3630 892 3720 τριάδι),
914 3630 1122 3722 ῦποβεβηκός
1144 3662 1180 3722 γε
1201 3631 1269 3723 μήν
1290 3632 1397 3719 [εἶναι]
1422 3628 1536 3705 αῦτοῦ.
1572 3625 1643 3718 ῦδῆ
1661 3639 1690 3694 18

340 3738 486 3821 παρίστη
509 3731 617 3803 είπων
651 3728 712 3803 »οῦ
737 3733 801 3820 γὰρ
823 3729 882 3820 ἀφ’
910 3734 1031 3804 ἑαυτοῦ
1053 3730 1205 3822 λαλήσει,
1229 3727 1304 3805 ἀλλ’
1334 3726 1397 3804 ὅσα
1429 3729 1565 3805 ἀκούσει
1594 3738 1646 3798 λα·

342 3828 466 3920 λήσειν
488 3829 581 3919 παρὰ
603 3837 697 3913 τίνος
718 3836 755 3901 δέ
777 3827 923 3919 ἀκούσει,
945 3837 1104 3920 διασαφεῖ
1123 3839 1233 3923 λέγων
1258 3837 1314 3905 »ἐκ
1328 3838 1392 3904 τοῦ
1407 3836 1490 3921 ἐμοῦ
1504 3827 1645 3919 λήψεται

426 4052 650 4117 2Ι,ο1(.21,39.
686 4052 748 4108 Joh.
767 4054 808 4119 20,
826 4054 859 4108 27
885 4083 919 4092 -
946 4053 996 4109 211
1011 4054 1072 4109 Joh.
1090 4054 1131 4117 20,
1150 4054 1191 4108 22.
1210 4054 1243 4110 23
1269 4083 1303 4094 -
1329 4053 1348 4109 4
1372 4045 1644 4121 1110r.12‚4-8

340 4154 402 4207 Act.
420 4156 444 4217 1,
461 4155 478 4209 6
495 4182 529 4193 -
546 4153 587 4209 θῐ
601 4156 662 4209 Act.
683 4157 705 4221 1,
724 4157 740 4211 5
758 4185 791 4193 -
811 4154 946 4210 111101.
964 4157 989 4221 2,
1007 4157 1075 4210 1-4
1091 4185 1125 4195 -
1148 4154 1503 4222 17101.16,12-15-
1530 4153 1642 4212 24J01

341 4255 1573 4324 16,13-Joh.16,13-251011.16‚14—8ssJoh.16,13-811011.1614

427 4452 782 4520 1οῦτοῦ17,οοευ.2ε1ω
814 4459 819 4525 1
850 4455 1054 4529 θτελεοτέρας
1072 4458 1119 4521 V*,
1138 4475 1206 4512 οοα.
1224 4459 1262 4512 V²
1287 4461 1292 4527 Ι
1325 4452 1440 4525 Βύμετς
1456 4455 1496 4527 δέ]
1513 4451 1584 4512 ἀλλὰ
1600 4451 1644 4508 ΝΤ

342 4560 345 4625 Ι
377 4553 408 4624 ἐξ
424 4551 635 4626 ῦψους<ΝΤ
666 4559 671 4625 1
705 4558 743 4615 18
761 4554 1121 4623 ἐκεῖνοςΚΙυεοὴΝΤυ.
1140 4560 1166 4614 Ζ.
1185 4562 1219 4615 24
1249 4561 1256 4629 Ι
1288 4560 1327 4617 25
1346 4551 1575 4624 ότιΚῙέτιῊ
1605 4554 1640 4611 21

340 4660 476 4729 συνήθεια
495 4658 532 4726 V,
555 4676 616 4715 corr
633 4671 675 4713 mr
700 4661 704 4727 Ι
737 4660 775 4716 21
795 4651 868 4716 εἶναι
885 4663 933 4716 (τε,
952 4660 1005 4715 We
1037 4663 1041 4729 Ι
1074 4658 1204 4717 αὐτοῦν
