3674 5506
345 488 402 548 160
925 474 1057 533 Eusebius

344 636 442 729 ήμῶν
463 645 659 729 <ἐδίδαξεν>,
689 645 727 712 ἐν
749 640 799 723 οἰς
819 639 906 728 πρὸς
929 641 1009 723 τοὺς
1032 636 1138 712 αύτοῦ
1159 639 1317 730 μαθητὰς
1340 644 1451 729 ἔλεγεν
1474 640 1552 712 »ἐάν
1574 637 1650 730 άγα·

343 745 430 811 πᾶτε
455 768 510 828 με,
540 739 602 822 τὰς
629 738 773 821 ἐντολάς
799 740 862 822 τὰς
887 741 968 831 ἐμὰς
998 737 1169 830 τηρήσετε.
1210 746 1266 811 καὶ
1296 740 1363 828 ἐγώ
1395 736 1558 829 ἐρωτήσω
1590 741 1650 812 τόν

344 845 475 928 πατέρα
496 847 553 910 καί
574 839 683 911 ἄλλον
703 835 926 929 παράκλητον
953 840 1054 912 δώσει
1079 837 1158 929 ύμῖν
1180 843 1236 911 ἵνα
1262 832 1282 927 ή
1305 835 1382 928 μεθ’
1404 836 1501 929 ὑμῶν
1522 845 1568 923 εἰς
1588 839 1650 912 τόν

345 945 470 1023 αἰῶνα,
501 937 543 1010 τὸ
574 944 706 1029 πνεῦμα
727 944 789 1028 τῆς
806 935 982 1028 ἀληθείας,
1014 932 1033 1010 3
1064 934 1083 1010 ό
1113 936 1239 1027 κόσμος
1268 935 1310 1011 ού
1339 936 1480 1011 δύναται
1511 949 1651 1023 λαβεῑνι.

309 1035 425 1131 οόρᾷς
455 1031 552 1121 ὅπως
578 1037 620 1110 τό
649 1045 781 1129 πνεῦμα
806 1039 847 1111 τὸ
874 1036 1096 1129 παράκλητον
1118 1040 1236 1127 ἕτερον
1258 1040 1343 1110 εἶναί
1365 1063 1469 1129 φησιν
1491 1046 1547 1110 καὶ
1569 1038 1651 1112 ἄλλο

342 1135 422 1227 παρ’
445 1136 578 1210 ἑαυτόν.
622 1144 651 1209 εἰ
673 1144 709 1209 δὲ
730 1136 920 1228 ἐμφυσήσας
941 1158 1014 1222 τοῖς
1035 1149 1206 1228 μαθηταῖς
1232 1139 1327 1210 εἷπεν
1359 1136 1500 1224 »λάβετε
1522 1145 1651 1228 πνεῦμα

344 1231 478 1327 άγιονι,
501 1235 542 1309 ού
562 1237 625 1327 χρὴ
649 1233 785 1326 άγνοεῑν
810 1235 859 1321 ως
873 1238 915 1311 τό
930 1245 992 1327 μὲν
1006 1236 1182 1328 ἐμφύσημα
1204 1235 1417 1327 καθαρτικόν
1438 1267 1516 1321 πως
1538 1230 1580 1327 ήν
1594 1245 1652 1328 τῆς

343 1346 418 1409 τῶν
429 1332 635 1409 ἀποστόλων
649 1342 767 1425 ψυχῆς,
777 1340 989 1426 ἐπιτηδείους
1004 1333 1129 1419 αύτούς
1143 1335 1398 1424 παρασκευάζον
1408 1343 1469 1428 τῆς
1479 1345 1544 1411 τοῦ
1558 1333 1652 1428 άγίοο

343 1436 538 1526 πνεύματος
552 1431 730 1524 ύποδοχής.
766 1431 808 1507 ού
828 1436 891 1525 γάρ
906 1441 953 1519 εἰς
967 1434 1009 1508 τό
1023 1435 1213 1524 πρόσωπον
1234 1433 1351 1509 αύτοῦν
1365 1441 1554 1528 ἐμφυσῆσαι
1568 1445 1652 1527 λέγε·
1666 1463 1681 1514 ⁴:

294 1557 328 1611 10
344 1567 400 1609 ται
410 1533 485 1609 οὐδ’
502 1530 557 1608 ότι
572 1535 684 1625 πνοήν
701 1541 790 1625 ζωῆς
805 1531 876 1607 ούδ
892 1529 948 1608 ότι
961 1542 1093 1626 πνεῦμα
1109 1529 1214 1626 άγιον,
1226 1532 1274 1620 ιδς
1288 1541 1344 1608 ἐπὶ
1357 1543 1421 1610 τοῦ
1429 1533 1530 1628 Ἀδάμ
1541 1534 1651 1627 άναγέ-

344 1664 494 1726 γραπται
516 1631 571 1708 ότι
589 1634 812 1725 »ἐνεφύσησεν
831 1630 850 1707 ό
866 1636 948 1720 θεὸς
963 1642 1010 1720 εἰς
1024 1634 1066 1708 τό
1080 1632 1270 1722 πρόσωπον
1285 1632 1391 1709 αύτοῦ
1405 1637 1521 1727 πνοήν
1536 1643 1651 1728 ςωῆςι,
1687 1684 1692 1691 ·

345 1732 420 1806 ἀλλ’
443 1740 628 1823 ἐμφυσῆσαι
648 1741 710 1821 μὲν
732 1738 860 1825 εἴρηται
881 1732 1067 1826 πρότερον,
1095 1739 1212 1807 ἔπειτα
1234 1741 1340 1807 εἰπεῖν
1364 1732 1505 1821 »λάβετε
1525 1744 1652 1826 πνεῦμα

345 1827 473 1924 άγιονι.
517 1832 558 1904 τὸ
580 1840 616 1905 δὲ
638 1830 770 1905 διδόναι
791 1830 899 1905 αὐτόν
920 1834 961 1907 τὸ
976 1841 1109 1924 πνεῦμα
1123 1833 1230 1908 πάλιν
1246 1837 1365 1923 ἕτερον
1379 1831 1490 1907 αύτὸν
1510 1842 1653 1926 παρίστη

344 1940 409 2006 τοῦ
435 1937 624 2022 διδομένου·
662 1929 724 2004 ούκ
751 1930 795 2003 ἂν
820 1933 883 2024 γάρ
911 1930 1056 2018 όαύτός
1076 1926 1120 2023 ἦν
1147 1930 1166 2008 ό
1189 1935 1302 2018 διδούς
1324 1932 1443 2005 καὶτὸ
1467 1932 1682 2025 διδόμενον,3

294 2053 327 2107 15
345 2027 422 2105 ἀλλ’
443 2028 463 2104 ό
484 2038 545 2121 μὲν
566 2037 727 2121 παρέχων
749 2025 792 2121 ἢν
814 2027 834 2104 ό
856 2031 983 2124 σωτήρ,
1006 2033 1048 2105 τό
1070 2039 1106 2104 δὲ
1128 2032 1308 2125 διδόμενον
1329 2031 1370 2104 τό
1393 2026 1494 2123 άγιον
1515 2040 1651 2123 πνεῦμα,

345 2136 378 2205 οί
408 2138 444 2203 δὲ
471 2128 701 2221 λαμβάνοντες
730 2135 763 2202 οἰ
793 2127 995 2217 άπόστολοι,
1025 2130 1066 2204 τό
1097 2132 1130 2202 δ’
1162 2132 1336 2223 ἐμφύσημα
1364 2133 1583 2221 καθαρτικόν
1607 2130 1652 2215 σός

345 2234 432 2320 ἔφην
454 2238 528 2303 τῶν
550 2228 758 2304 ἀποστόλων
777 2227 800 2320 ἢ
821 2238 877 2303 καὶ
903 2233 1122 2322 ἐνεργητικόν
1149 2239 1210 2322 τῆς
1235 2229 1446 2322 μεταδόσεως
1476 2238 1540 2304 τοῦ
1560 2228 1652 2321 άγίου

345 2328 546 2420 πνεύματος,
571 2333 741 2422 ἑκατέρως
761 2331 825 2422 γάρ
846 2350 940 2405 νοεῖν
962 2330 1118 2404 δυνατόν.
1154 2332 1244 2420 πλήν
1264 2337 1301 2403 ἐκ
1324 2329 1464 2403 τούτων
1487 2337 1682 2412 δείκνυται4

345 2430 463 2517 ἕτερον
484 2427 636 2520 ὑπάρχον
657 2427 737 2520 παρ’
760 2428 868 2504 αύτόν
890 2432 931 2505 τό
954 2423 1051 2521 άγιον
1076 2437 1221 2521 πνεῦμα,
1253 2428 1302 2515 οός
1331 2439 1387 2502 καὶ
1413 2429 1470 2501 διά
1493 2438 1567 2503 τῶν
1586 2435 1652 2502 ἐπι·

294 2553 329 2611 20
347 2534 560 2618 φερομένων,
588 2528 633 2603 δι’
657 2524 709 2604 ὧν
730 2530 837 2605 πάλιν
858 2528 1108 2620 ἀναγέγραπται
1129 2529 1240 2622 φήσας
1272 2528 1351 2602 »ἐάν
1381 2562 1432 2615 τις
1463 2527 1576 2621 ἀγαπᾷ
1604 2559 1651 2619 με,

347 2627 411 2700 τόν
433 2626 538 2718 λόγον
558 2659 624 2720 μου
645 2628 790 2721 τηρήσει,
812 2637 868 2703 καὶ
891 2627 910 2703 ό
932 2629 1045 2721 πατήρ
1066 2660 1132 2719 μου
1153 2627 1319 2751 α’γαπήοει
1339 2626 1461 2716 αὐτόν,
1493 2638 1548 2703 καὶ
1570 2630 1652 2719 πρὸς

346 2723 453 2798 αύτὸν
478 2725 685 2818 ἐλευσόμεθα
710 2738 767 2800 καὶ
791 2730 903 2821 μονὴν
927 2728 1008 2818 παρ’
1030 2727 1125 2822 αύτῷ
1147 2727 1391 2819 ποιησόμεθα».
1432 2730 1486 2812 οἷς
1507 2734 1682 2818 ἐπιφέρειη

348 2833 475 2944 »ταῦοτα
498 2826 668 2917 λελάληκα
688 2825 768 2917 ύμῖν
789 2825 868 2919 παρ’
891 2826 970 2918 ύμῖν
984 2835 1111 2919 μένων·
1133 2825 1446 2920 όδέπαράκλητος,
1471 2828 1652 2918 τὸπνεῦμα

345 2923 386 2995 τὸ
418 2954 517 3014 αγιον
546 2920 712 3017 όπέμφει
745 2923 764 2999 ό
790 2925 905 3017 πατήρ
931 2957 996 3019 μου
1017 2933 1055 3000 έν
1075 2936 1128 3019 τῷ
1151 2924 1295 3019 όνόματί
1315 2957 1397 3051 μου,
1424 2926 1594 3012 ἐκεῖνος
1574 2936 1652 3018 υμᾶς

295 3047 329 3102 25
347 3020 472 3110 διδάξει
491 3023 606 3097 πάντα
628 3023 726 3098 καὶ(
705 3024 891 3117 υπομνήσει
912 3023 996 3116 ύμᾶς
1017 3025 1133 3099 πάντα
1155 3022 1218 3100 όσα
1232 3024 1366 3100 εἰπον“
1345 3047 1453 3117 υμῑνι
1487 3026 1545 3119 Ι’
1524 3028 1652 3111 ακούεις
1670 3040 1717 3096 171

347 3116 444 3206 όπως
465 3133 692 3216 πληθυντικφ
714 3134 875 3215 κέχρηται
897 3125 1018 3216 τρόπῳ
1040 3126 1082 3198 τό
1115 3125 1340 3217 »ἐλευσόμεθα
1365 3135 1422 3201 καί
1443 3128 1556 3250 μονήν
1576 3155 1641 3215 παρ

347 3219 442 3315 αύτῷ
465 3223 695 3315 ποιησόμεθα(
720 3233 796 3315 περὶ
819 3222 926 3298 αύτοῦ
947 3232 1088 3298 καὶτοῦ
1108 3226 1240 3317 πατρὸς
1261 3226 1384 3318 φήσας,
1414 3234 1473 3300 καί
1503 3224 1552 3310 ιός
1580 3234 1651 3313 περὶ

347 3329 411 3395 τοῦ
432 3320 529 3412 άγίου
550 3325 743 3415 πνεύματος
765 3332 938 3398 διαλαλῶν
969 3355 1017 3408 ως
1046 3326 1160 3415 περὶ
1148 3332 1265 3417 ετέρου
1292 3330 1405 3417 ελεγεν
1435 3326 1478 3398 τό
1511 3332 1651 3409 »ἐκεῖνος

345 3420 430 3512 ύμᾶς
453 3422 577 3510 διδάξει
604 3422 748 3496 πόντοι.
790 3430 953 3495 τοιοῦτον
984 3430 1020 3496 δὲ
1050 3418 1093 3514 ἦν
1122 3432 1178 3495 καὶ
1209 3425 1250 3497 τό
1283 3428 1368 3515 »ἐγὼ
1400 3424 1563 3517 ἐρωτήσω
1592 3425 1680 3497 τὸνθ

294 3545 330 3600 30
346 3528 478 3612 πατέρα
499 3531 554 3596 καί
577 3523 686 3596 ἄλλον
705 3521 930 3613 παράκλητον
950 3522 1051 3595 δώσει
1080 3522 1160 3613 ύμῖν
1189 3530 1244 3597 ἵνα
1265 3522 1340 3613 μεθ’
1362 3522 1461 3615 ύμῶν
1482 3520 1503 3615 ή
1526 3530 1571 3610 εἰς
1591 3524 1650 3597 τόν

346 3627 471 3707 αἰῶνα,
503 3623 543 3695 τὸ
570 3630 703 3711 πνεῦμα
729 3629 790 3712 τῆς
817 3619 1008 3711 ἀληθείαςι.
1050 3620 1177 3697 ούκοῦν
1203 3626 1317 3713 ἕτερος
1342 3617 1385 3713 ήν
1406 3622 1486 3714 παρ’
1508 3619 1651 3697 αύτὸνό

346 3720 574 3811 παράκλητος,
596 3731 673 3810 περὶ
695 3714 736 3793 ού
756 3721 799 3793 τά
814 3727 964 3794 τοσαῦτα
979 3725 1160 3794 ἐδίδασκεν.
1196 3720 1340 3807 εἰκότως
1355 3716 1417 3795 σύν
1439 3717 1649 3814 αύθιςπροσ·

346 3828 455 3891 ετίθει
474 3826 582 3909 λέγων
600 3828 728 3893 »ταῦτα
743 3818 913 3911 λελάληκα
928 3816 1006 3909 ύμῖν
1026 3816 1106 3911 παρ’
1127 3819 1206 3911 ύμῖν
1221 3829 1346 3912 μένων·
1385 3819 1403 3894 ό
1426 3829 1462 3894 δέ
1477 3829 1534 3898 84¹
1550 3819 1649 3911 παρά·

347 3929 486 4008 κλητος,
518 3918 559 3991 τό
585 3927 717 4010 πνεῦμα
743 3920 784 3992 τὸ
807 3914 905 4010 άγιον
927 3913 946 3990 3
968 3926 1093 4009 πέμψει
1115 3917 1135 3993 ό
1156 3919 1270 4011 πατήρ
1292 3952 1357 4012 μου
1378 3927 1416 3994 ἐν
1439 3930 1490 4013 τῷ
1512 3918 1650 4012 όνόματί

433 4138 530 4194 lJoh.
550 4141 710 4206 14,15-17
732 4171 766 4180 -
787 4140 998 4207 61012622
1023 4169 1057 4180 -
1085 4142 1120 4198 11
1142 4143 1210 4198 Gen.
1228 4144 1286 4210 ‘m
1314 4172 1347 4183 -
1375 4143 1649 4209 121012622-

347 4239 405 4295 164
421 4240 474 4309 vgl.
494 4241 554 4295 Ζ.7
578 4272 610 4281 -
631 4242 672 4296 20
690 4242 751 4299 Joh.
770 4243 854 4305 14,23
875 4271 910 4282 -
931 4242 970 4297 23
988 4241 1049 4297 Joh.
1067 4244 1108 4308 14,
1126 4245 1167 4299 25.
1186 4245 1220 4301 26
1237 4274 1271 4284 -
1298 4246 1337 4301 26
1355 4245 1417 4301 Joh.
1436 4245 1475 4308 14,
1494 4246 1527 4300 23
1554 4273 1585 4284 -
1611 4242 1647 4298 28

346 4340 406 4395 Joh.
425 4344 466 4407 14,
485 4342 518 4396 26
536 4342 625 4397 -29
643 4341 763 4409 Joh.14‚
783 4344 823 4398 16.
843 4345 874 4398 17
893 4371 927 4382 -
945 4343 984 4398 68
1002 4342 1064 4397 Joh.
1083 4346 1123 4411 14,
1141 4348 1182 4401 25.
1200 4348 1235 4402 26

431 4542 446 4595 1
475 4537 598 4607 ἐδίδαξεν
617 4541 652 4594 Κλ
674 4541 730 4610 vgl.
749 4541 773 4596 S.
793 4544 851 4609 159,
869 4542 931 4597 38R
953 4536 1056 4609 ἔδειξεν
1074 4560 1098 4597 ε.
1116 4544 1148 4599 R.
1167 4545 1205 4598 Ἦ
1237 4548 1241 4612 Ι
1275 4546 1314 4603 10
1332 4540 1416 4618 ἅγιον
1434 4551 1480 4604 είς.
1499 4548 1544 4603 Mo
1575 4547 1580 4616 Ι
1609 4545 1642 4601 27

345 4641 412 4714 περὶ
428 4637 557 4696 amm
