3728 5508
672 498 768 550 eontra
783 494 945 551 Mareellum
962 496 988 549 11
1006 498 1029 551 1.
1461 503 1501 566 33

189 658 333 751 εἰρήνης,
356 658 471 749 πατήρ
494 666 557 731 τοῦ
577 664 767 749 μέλλοντος
788 663 922 743 αἰῶνος.
965 658 1037 744 ἄξω
1060 657 1123 747 γὰρ
1146 656 1282 748 εἰρήνην
1295 665 1352 731 καλ
1372 657 1501 750 ύγίειαν

189 757 295 849 αύτῷ.
335 756 505 851 μεγάληῆ
527 756 611 850 ἀρχή
633 754 827 843 αὐτοῦκαὶ
849 763 911 848 τῆς
931 758 1067 851 εἰρήνης
1087 755 1194 830 αύτοῦ
1208 756 1377 832 ούκίσται
1391 766 1499 845 τέλος,
1534 776 1550 832 7

189 865 245 932 ἐπί
267 860 330 932 τόν
351 858 484 949 θρόνον
506 865 608 931 Δαυίδ
627 865 683 931 καὶ
703 861 759 931 ἰπὶ
780 857 846 948 τήν
866 864 1038 941 βασιλείαν
1059 855 1176 943 αύτοῦ,
1199 864 1263 931 τοῦ
1279 867 1500 948 κατορθώσω

190 956 299 1049 αύτήν
319 966 376 1031 καὶ
397 956 638 1047 ἀντιλαβέσθαι
659 962 697 1029 ἐν
717 965 853 1047 κρίματι
874 965 930 1030 καὶ
951 963 989 1030 ἐν
1014 957 1225 1046 δικαιοσύνη,
1256 955 1325 1031 ἀπὸ
1352 966 1415 1033 τοῦ
1436 967 1500 1033 νῦν

154 1065 244 1131 ῖκαὶ
267 1066 314 1143 εἰς
336 1059 417 1142 τούς
438 1064 593 1141 αἰῶναςι.
629 1055 767 1142 τούτοις
788 1063 872 1146 γοῦν
890 1057 1056 1148 σύμφωνα
1077 1049 1121 1147 ῆν
1141 1065 1198 1128 καί
1212 1049 1297 1147 άπερ
1313 1055 1332 1131 6
1351 1061 1499 1154 Γαβριὴλ
1532 1079 1551 1136 8

190 1160 256 1250 τήν
276 1165 454 1247 παρθένον
475 1154 715 1248 εὐηγγελίζετο,
749 1163 814 1240 »εἰς
843 1158 924 1241 τούς
954 1164 1100 1240 αἰῶνας(
1129 1162 1186 1231 40¹
1206 1158 1413 1242 βασιλεύσειν
1434 1162 1499 1234 τόν

188 1263 224 1345 ἐξ
244 1256 351 1348 αῦτῆς
373 1265 484 1347 λέγων
508 1263 581 1328 »καὶ
602 1263 664 1347 τῆς
686 1265 854 1342 βασιλείας
876 1254 1001 1329 αύτοῦι
1029 1257 1076 1348 μῆ
1100 1261 1234 1330 ἔσεσθαι
1256 1262 1363 1342 τέλος.
1406 1258 1498 1349 Μάρ-

187 1368 308 1440 κελλος
334 1364 370 1431 (ίί
396 1352 493 1441 ὅπως
515 1356 654 1439 τούτοις
675 1350 802 1429 ἅπασιν
826 1361 965 1431 ίναντία
987 1355 1130 1446 γράφειν
1151 1354 1287 1447 ίτόλμα,
1308 1355 1434 1447 μάθοις
1456 1357 1499 1431 ἂν

186 1462 225 1529 ἐκ
247 1465 322 1529 τῶν
343 1454 449 1529 αύτοῦ
471 1465 614 1545 φωνοῦν,
637 1453 683 1526 δι’
706 1448 758 1527 ὦν
779 1452 865 1546 ύμοῦ
886 1457 951 1548 τῆν
972 1455 1125 1546 θεότητα
1150 1465 1205 1528 καί
1227 1457 1292 1546 τήν
1312 1454 1497 1548 ἀνθρωπό-

135 1571 170 1625 10
186 1586 277 1648 τητα
303 1563 365 1628 τοῦ
391 1560 468 1628 υίοῦ
490 1562 553 1627 τοῦ
579 1562 663 1628 θεοῦ
688 1552 823 1645 ἠρνεῖτο
849 1553 1051 1645 καινότερον
1079 1552 1101 1645 6
1131 1556 1219 1629 κατὰ
1247 1564 1361 1629 πᾶσαν
1390 1558 1498 1632 ἄθεον

187 1661 320 1745 αἰρεσιν.
364 1663 438 1729 τῶν
460 1657 523 1746 γάρ
545 1653 755 1745 ἑτεροδόξων
780 1660 813 1727 οἰ
838 1663 900 1746 μὲν
920 1657 965 1747 μή
987 1673 1139 1745 προεῖναι
1163 1661 1247 1746 μηδὲ
1267 1656 1498 1751 προϋπάρχειν
1530 1664 1548 1721 9

186 1756 250 1828 τόν
268 1756 344 1829 υἰύν
365 1763 429 1828 τοῦ
450 1762 534 1828 θεοῦ
550 1754 686 1843 φάντες,
709 1755 903 1845 ἄνθρωπον
917 1758 1002 1828 εἰναι
1022 1752 1129 1828 αύτόν
1144 1774 1215 1838 τοῖς
1231 1765 1364 1842 λοιποῖς
1378 1752 1499 1850 ὅμοιον

186 1854 394 1947 ὑποθέμενοι
423 1861 460 1941 ἐξ
484 1853 690 1945 ἀνθρώπου,
721 1859 876 1950 υἰοθεσίᾳ
898 1862 1101 1947 τετιμῆσθαι
1132 1853 1239 1928 αύτόν
1268 1858 1412 1944 ἔφασαν,
1442 1866 1498 1931 καί

185 1962 293 2029 τοῦτο
316 1953 436 2038 δόντες
458 1952 638 2028 ἀθάνατον
658 1961 713 2026 καί
736 1950 967 2045 ἀτελεύτητον
994 1953 1089 2046 αύτῷ
1116 1954 1218 2045 τιμήν
1239 1961 1296 2027 καί
1317 1955 1421 2043 δόξαν
1441 1967 1498 2032 καί

133 2070 166 2122 15
184 2060 356 2140 βασιλείαν
378 2055 521 2128 αἰώνιον
543 2051 815 2145 ὦμολογήκασιν·
846 2058 879 2129 οἰ
904 2061 940 2127 θλ
966 2054 1031 2127 τόν
1057 2028 1291 2141 ἀνθρωπον’
1270 2057 1497 2148 αρνησάμενοι

183 2154 259 2226 αἰόν
282 2157 368 2226 εἰναι
389 2160 475 2225 θεοῦ
496 2153 580 2226 θεὸν
601 2152 757 2244 πραόντα
778 2151 1022 2244 ύπεστήσαντο.
1063 2151 1138 2227 ἀλλ’
1160 2158 1254 2227 οίε
1213 2161 1254 2244 με
1256 2183 1277 2226 ν
1298 2162 1359 2247 τῆς
1380 2161 1497 2250 ἰκκλη·

182 2264 255 2336 σίας
278 2250 456 2342 ἀλλότριοι
475 2260 570 2374 μέχρι
592 2252 761 2326 τοσούτου
781 2252 913 2345 πλάνης
940 2253 1076 2375 ῆλασαν.
1119 2249 1138 2324 6
1170 2260 1205 2325 δὲ
1233 2260 1294 2345 τῆς
1320 2261 1497 2347 ἐκκλησίας

184 2362 246 2425 τοῦ
268 2360 354 2426 θεοῦ
380 2352 559 2437 τοσούτοις
590 2351 882 2478 καθηγησάμενος
897 2352 1033 2443 χρόνοις
1063 2353 1127 2445 τήν
1157 2347 1305 2442 ύπαρξιν
1334 2351 1499 2448 <άν>αιρεῖ

182 2460 247 2526 τοῦ
288 2458 365 2526 υίοῦ
400 2458 463 2525 τοῦ
496 2460 596 2538 θεοῦ,
637 2460 688 2544 τῷ
729 2459 800 2543 (τε)
839 2451 946 2526 αύτοῦ
984 2452 1225 2545 λειτουργήσας
1261 2466 1495 2547 θυσιαστηρίῳ

128 2564 164 2618 20
181 2551 308 2625 ἑαυτὸν
328 2558 390 2642 μὲν
412 2555 553 2624 αἰωνίου
574 2559 631 2624 καὶ
654 2550 834 2626 ἀθανάτου
856 2559 944 2643 ζωῆς
959 2551 1136 2640 τεύξεσθαι
1150 2551 1236 2642 τάχα
1250 2582 1319 2625 που
1332 2555 1492 2641 πιστεύει,

181 2651 245 2725 τὸν
267 2649 301 2724 6’
324 2649 474 2743 ἀρχιερέα
495 2650 622 2743 ταύτης
642 2650 829 2740 ἀποστερεῖ
872 2656 989 2742 ἔχομεν
1010 2657 1046 2723 δὲ
1070 2649 1239 2742 »ἀρχιερέα
1259 2660 1380 2742 μέγανι
1405 2655 1493 2728 κατὰ
1512 2663 1545 2719 10

180 2752 246 2824 τὸν
268 2748 465 2825 ἀπόστολον
498 2748 744 2840 »διεληλυθότα
771 2751 852 2834 τοῦς
878 2748 1057 2841 ούρανούς,
1087 2748 1213 2842 Ἰησοῦν
1245 2751 1309 2825 τόν
1331 2752 1407 2826 νίὸν
1430 2763 1493 2829 τοῦ

181 2860 296 2937 θεοῦι,
319 2846 361 2925 όν
384 2845 464 2925 ούτε
485 2870 641 2942 προεῖναι
664 2844 744 2924 οὔτε
765 2850 1020 2941 προϋφεστάναι
1035 2857 1144 2945 τολμᾷ
1159 2859 1278 2976 λέγειν’,
1301 2849 1390 2926 ἀλλά
1410 2860 1493 2945 μηδὲ

180 2955 318 3024 ἔσεσθαι
345 2957 428 3041 μηδὲ
454 2971 527 3035 τοῖς
532 2948 661 3074 ,άγίοις
691 2958 755 3024 τοῦ
784 2957 869 3023 θεοῦ
898 2957 1097 3022 συνέσεσθαι
1126 2949 1200 3023 κατ’
1232 2949 1340 3042 αύτῆν
1355 2957 1494 3076 ἐκείνην

126 3062 162 3117 25
181 3054 247 3142 τῆν
275 3056 476 3141 ἐπαγγελίαν
506 3057 568 3142 τῆς
599 3059 673 3124 τῶν
704 3047 863 3140 οῦρανῶν
881 3060 1068 3170 βασιλείας.
1111 3059 1297 3139 τηνικαῦτα
1327 3053 1389 3142 γὰρ
1420 3061 1495 3125 τῶν

180 3147 289 3241 άγίσον
311 3147 480 3223 ἀπάντων
500 3149 721 3275 μεθεξόντων
747 3157 809 3242 τῆς
835 3156 897 3221 τοῦ
926 3156 1010 3223 θεοῦ
1036 3154 1250 3235 βασιλείαςί
1252 3181 1271 3222 ν
1300 3148 1495 3242 ἀφθάρτοις

180 3259 237 3321 καὶ
258 3247 449 3335 ἀθανάτοις
470 3251 629 3340 σοόμασιν,
648 3257 653 3340 Ι
671 3278 780 3339 μονον
803 3250 865 3322 τὸν
888 3248 1040 3340 Χριστὸν
1060 3257 1116 3321 καὶ
1133 3249 1199 3340 τῆν
1213 3247 1319 3339 σάρκα
1340 3247 1384 3340 ῆν
1405 3248 1494 3323 ἀνεί-
1510 3258 1550 3316 ⁸4

181 3361 291 3441 ληφεν
313 3348 497 3441 ἀποστερεῖ
515 3347 628 3442 αύτῆς.
670 3356 726 3421 καί
753 3347 794 3422 ού
820 3359 955 3439 φρίττει
985 3350 1051 3423 τὸν
1079 3346 1228 3439 ἀρχηγὸν
1257 3356 1319 3440 τῆς
1349 3347 1494 3422 ἀναστά·
1511 3363 1542 3415 11

181 3474 282 3536 σεως,
314 3448 378 3522 τὸν
408 3456 470 3541 τῆς
499 3453 643 3522 αἰωνίου
674 3455 763 3541 ζωῆς
793 3469 867 3532 τοῖς
895 3456 999 3521 πᾶσιν
1029 3455 1154 3533 αἰτιον,
1191 3452 1405 3520 ἐκπεσεῖσθαι
1435 3458 1497 3538 τῆς

130 3568 164 3622 30
182 3557 349 3635 βασιλείας
371 3546 413 3622 οῦ
433 3546 551 3639 μόνον,
574 3546 662 3622 ἀλλὰ
683 3557 737 3621 καὶ
760 3547 865 3637 αύτῆς
886 3555 949 3639 τῆς
965 3555 1055 3640 ζωῆς
1070 3544 1359 3639 ἀποφαινόμενος·
1382 3545 1497 3638 ὥσπερ

183 3647 227 3719 ἂν
249 3653 279 3721 εί
300 3643 578 3738 τιςόφθαλμούς
598 3655 662 3737 μὲν
683 3655 743 3740 δῷ,
766 3656 842 3736 φῶς
863 3654 900 3721 δὲ
924 3648 965 3721 τό
988 3655 1050 3740 τῆς
1066 3647 1203 3721 τούτων
1216 3646 1365 3737 χορηγὸν
1379 3645 1496 3739 ίκλάμ·

182 3771 278 3834 φεως
300 3744 426 3821 ἀνέλοι.
469 3756 526 3819 καί
544 3741 624 3820 οῦτε
647 3744 667 3821 6
689 3754 855 3832 τοσοῦτος
881 3756 945 3821 τοῦ
966 3755 1051 3820 θεοῦ
1061 3748 1220 3870 ἄγγελος
1242 3746 1390 3838 Γαβριὴλ
1417 3741 1497 3821 οῦτε

184 3841 328 3937 όμέγας
348 3846 530 3971 προφήτης
549 3846 684 3940 Δανιήλ,
706 3856 782 3937 περὶ
805 3840 845 3920 ού
867 3851 990 3937 ἰλίχθη
1013 3847 1075 3938 »μῆ
1097 3848 1138 3919 σύ
1163 3847 1362 3936 σοφώτερος
1383 3848 1415 3919 εἰ
1434 3854 1498 3920 τοῦ

186 3945 343 4038 Δανιήλ;«
377 3941 458 4020 οὔτε
489 3944 509 4020 6
540 3955 707 4070 τοσοῦτος
734 3944 866 4030 Ἡσαΐας
896 3940 974 4019 οὗθ’
1006 3943 1169 4030 όλοιπός
1200 3954 1274 4019 τῶν
1303 3953 1498 4036 προφητῶν

133 4068 167 4122 35
183 4046 285 4135 χορὸς
307 4052 451 4119 τοιαῦτα
476 4046 522 4138 μή
553 4046 696 4138 γράφειν
724 4053 807 4137 μηδὲ
840 4066 980 4135 φρονεῖν
1011 4045 1075 4118 τὸν
1106 4046 1211 4135 ἄνδρα
1240 4047 1391 4133 ἔπεισαν,
1422 4039 1485 4118 οῦτ
1485 4043 1547 4110 '12

271 4269 291 4323 θ
307 4266 454 4332 Luk.1,33
464 4296 497 4306 -
507 4267 546 4323 21
565 4266 723 4337 Hebr.4,14
736 4267 820 4323 -28
837 4267 893 4338 vgl.
906 4266 952 4322 Nr.
962 4268 1086 4324 54-28
1099 4266 1194 4334 Aona,
1204 4266 1257 4322 15?
1269 4294 1302 4304 -
1314 4265 1354 4322 88
1371 4265 1495 4343 Ετ.2θ,3

278 4469 293 4524 1
322 4465 447 4540 εἰρήνην]
473 4476 506 4534 -Ι-
532 4468 580 4525 ἐπὶ
597 4468 663 4536 τοὺς
679 4462 822 4543 ἄρχοντας
843 4467 920 4524 Lxx
947 4470 951 4536 Ι
977 4469 1012 4524 10
1028 4475 1080 4524 τοῦ
1096 4471 1168 4523 θεοῦ
1184 4472 1235 4521 τοῦ
1253 4461 1315 4520 νίοῦ
1332 4466 1366 4532 V,
1383 4486 1419 4516 ω
1436 4466 1494 4533 1111

193 4568 228 4624 11
248 4569 287 4638 μῆ
307 4568 408 4623 111111).
427 4569 453 4623 d.
472 4570 499 4624 Ζ.
526 4571 532 4639 Ι
560 4571 598 4626 12
616 4563 689 4627 εἰναι
706 4569 743 4624 ΚῙ
760 4564 853 4626 {vav
880 4572 885 4639 Ι
912 4570 951 4628 18
969 4565 1084 4642 ἀναιρεῖ
1097 4568 1136 4621 V²
1153 4564 1231 4637 αἰρεῖ
1245 4566 1286 4618 V*
1303 4566 1359 4636 vgl.
1377 4568 1498 4625 s.100.8

230 4670 268 4725 19
267 4687 332 4801 Bru:
331 4669 433 4801 δΖῖύειῐεν
442 4671 447 4738 Ι
473 4670 674 4746 θυσιαστηρίῳ]
692 4678 725 4736 -Ι-
742 4672 791 4726 καί
809 4672 847 4725 V²
873 4672 877 4738 Ι
904 4670 944 4727 85
962 4664 1022 4726 οὐδ’
1038 4671 1071 4733 V,
1089 4685 1158 4726 corr.
1174 4667 1211 4722 Κ]

348 4756 387 4800 iun
433 4784 442 4803 .
