3698 5510
568 472 603 528 de
620 472 806 529 ecelesiastica
821 472 965 542 theologia
982 473 1008 525 11
1027 472 1136 525 12-14.
1447 477 1503 536 115

191 643 299 722 πατρί
320 642 377 705 καί
399 632 507 707 αὑτὸν
528 637 614 707 εἰναι
635 632 819 725 ὑπολάβῃς,
841 633 996 725 μάνθανε
1019 640 1054 707 δὲ
1076 627 1131 706 ότι
1148 636 1203 703 »ἰν
1217 629 1302 721 άρχῆ
1324 623 1384 722 ήνι
1403 622 1506 713 οὗτος

192 731 321 817 ὁθεὸς
342 733 453 823 λόγος.
497 743 574 807 τίνα
605 732 638 804 δ’
660 733 767 808 αὑτοῦ
794 736 858 825 τῆν
881 734 988 825 άρχῆν
1008 732 1205 821 ὑφίσταται,
1238 739 1394 818 διασαφεῖ
1421 732 1504 819 ἑξῆς,

192 833 257 907 ούκ
280 835 404 907 εἰποόν·
428 841 484 904 καὶ
507 830 526 904 ὁ
549 833 650 923 λόγος
671 828 715 925 ῆν
736 830 755 906 ὁ
778 831 868 919 θεός,
890 836 974 926 μετά
997 841 1058 924 τῆς
1073 839 1136 905 τοῦ
1151 832 1284 925 ἄρθρου
1297 829 1505 952 προσθήκης,

191 940 249 1006 ίνα
270 935 318 1055 μῆ
340 932 448 1006 αύτὸν
470 934 614 1007 είναι
576 963 642 1007 τον
663 939 718 1006 ἰπὶ
740 932 887 1007 πάντων
909 930 1071 1024 ὁρίσηται,
1094 930 1167 1005 άλλ
1191 928 1311 1005 οὐδὲ
1295 937 1333 1002 έν
1354 960 1406 1052 την
1387 936 1505 1019 θεῷ,

158 1039 249 1107 ὃίνα
272 1037 320 1125 μή
341 1031 555 1121 καταβάληί
555 1042 594 1105 πὶ
617 1033 681 1123 τῆν
704 1029 930 1156 ἀνθρωπίνην
952 1028 1151 1159 ὁμοιότητα
1174 1030 1262 1105 άλλά
1280 1039 1353 1102 »καὶ
1368 1061 1387 1102 ο
1377 1026 1505 1119 ιλόγος

191 1126 236 1224 ῆν
258 1135 350 1222 πρὸς
372 1132 600 1205 τὸνθεόν(
585 1163 658 1223 εφη.
701 1139 730 1205 εἰ
750 1134 814 1223 γάρ
834 1131 971 1263 εἰρῆκει·
992 1140 1048 1205 καὶ
1070 1128 1090 1203 ὁ
1112 1130 1214 1222 λόγος
1236 1124 1278 1221 ῆν
1299 1135 1337 1201 ἐν
1353 1160 1404 1221 τῳ
1386 1137 1503 1219 ’θεῷ,
1521 1144 1539 1197 4

191 1232 240 1317 οὸς
262 1239 303 1306 ἰν
328 1231 540 1323 ὑποκειμένῳ
563 1233 765 1322 συμβεβηκός
790 1264 846 1305 και
874 1231 922 1316 οὸς
953 1235 1071 1323 ἕτερον
1101 1237 1139 1304 ἰν
1169 1233 1275 1322 ἑτέρῳ
1297 1228 1409 1353 δρός,
1429 1226 1504 1299 σύν·

190 1344 303 1406 θετον
335 1331 512 1422 ὥσπερ<εὶ>
544 1336 673 1423 εἰσῆγεν
703 1331 780 1422 <άν>
813 1332 877 1404 τὸν
907 1329 1005 1419 θεόν,
1037 1328 1155 1404 ούσίαν
1180 1337 1241 1421 μὲν
1264 1326 1371 1402 αύτὸν
1387 1326 1505 1400 ὑποτι-

190 1439 340 1522 θέμενος
362 1439 437 1521 δίχα
458 1432 565 1522 λόγου
588 1431 793 1521 συμβεβηκός
813 1438 849 1504 δέ
871 1440 914 1522 τῆ
937 1429 1033 1523 ούσία
1048 1427 1240 1519 τὸνλόγον.
1276 1423 1359 1515 ὅπερ
1375 1433 1505 1518 οἰηθείς
1522 1437 1539 1491 θ

144 1542 174 1594 10
191 1530 396 1620 Μάρκελλος
418 1531 483 1605 τὸν
503 1537 635 1620 πατέρα
656 1539 712 1602 καὶ
734 1529 799 1603 τόν
819 1530 896 1603 υίὸν
917 1537 972 1604 έπί
997 1528 1038 1601 τό
1065 1527 1150 1602 αύτὸ
1176 1526 1326 1619 συνάγει,
1358 1526 1422 1619 τῆν
1443 1532 1505 1616 μὲν

192 1629 316 1705 ούσίαν
337 1640 456 1705 καλῶν
478 1631 542 1703 τὸν
563 1636 707 1719 πατέρα,
731 1629 795 1702 τὸν
816 1628 849 1701 6'
873 1636 910 1702 ἰν
932 1627 1026 1719 αύτῷ
1050 1628 1154 1719 λόγον
1175 1628 1239 1701 τὸν
1258 1625 1346 1700 υίόν·
1382 1624 1424 1699 ού
1449 1639 1505 1699 λο·

190 1732 375 1823 γισάμενος
405 1728 462 1814 οὸς
483 1725 503 1802 ὁ
534 1737 640 1803 τοῦτο
672 1730 798 1815 διδούς,
829 1728 893 1802 τὸν
923 1730 1008 1803 θεὸν
1038 1730 1120 1802 άνευ
1150 1727 1254 1816 λόγου
1283 1727 1505 1814 ὑποθέμενος

190 1830 289 1923 άθέφ
313 1841 371 1902 καί
393 1837 544 1915 δυσσεβεῖ
560 1828 778 1917 περιπέσοι“
759 1858 802 1901 αν
823 1828 965 1921 δόγματι
979 1829 1066 1901 θεὸν
1080 1829 1209 1917 ἄλογον
1223 1824 1504 1918 παραδεχόμενος

191 1936 318 2019 ἔχοντα
345 1938 406 2021 μὲν
437 1928 544 2018 λόγον
575 1927 623 2012 σός
652 1927 927 2020 συμβεβηκόταί
930 1959 950 2000 ν
980 1926 1074 2019 αύτφ
1111 1925 1152 2001 ού
1187 1929 1254 2019 μῆν
1283 1924 1390 1998 αύτὸν
1419 1920 1505 1998 όντα

143 2042 174 2095 15
191 2029 316 2119 λόγον
353 2036 431 2102 δέον
454 2032 490 2101 ἓν
512 2059 546 2101 τι
568 2040 680 2113 θεῖον,
704 2028 863 2117 ἄρρητον,
887 2025 1030 2118 άγαθόν,
1052 2024 1201 2111 άπλοῦν,
1224 2025 1424 2107 άσύνθετον,
1446 2054 1502 2113 μο·
1521 2031 1538 2086 6

190 2138 324 2215 νοειδὲς
359 2129 401 2202 τὸ
437 2134 593 2201 ἐπέκεινα
629 2136 702 2200 τῶν
740 2123 835 2199 όλιον
871 2124 1064 2217 ὁμολογεῖν,
1101 2124 1286 2209 αύτάθεσν,
1322 2121 1503 2209 αύτονοῦν,

190 2228 398 2320 αύτύλσγον,
421 2225 642 2315 αύτοσοφίαν,
659 2226 831 2315 αύτοφώς,
848 2225 1038 2317 αύτοζφήν,
1059 2224 1261 2309 αύτοκαλόν,
1286 2222 1506 2315 αὐτοαγαθόν

191 2324 280 2402 ὄντα
302 2337 360 2401 καὶ
382 2327 521 2401 τούτων
543 2322 563 2397 6
586 2358 619 2399 tt
642 2327 685 2398 όν
706 2356 758 2410 τις
778 2347 939 2415 κρεῖττον
960 2324 1187 2416 ἐπινοήσειεν,
1209 2332 1341 2415 μᾶλλον
1362 2322 1396 2396 δ’
1420 2321 1504 2412 ὑπὲρ

190 2427 311 2501 πάντα
334 2434 418 2501 νοῦν
438 2434 493 2498 καὶ
515 2425 627 2517 πάσης
648 2433 803 2500 ἐπέκεινα
825 2432 976 2508 διανοίας
998 2454 1035 2496 τε
1057 2434 1114 2496 καὶ
1136 2421 1363 2513 ἐνθυμήσεως,
1386 2423 1449 2495 τόν
1469 2429 1537 2495 δἐἰ

144 2528 326 2601 ἳθτούτου
356 2533 527 2616 μονογενῆ
556 2526 643 2611 υίόν,
674 2525 722 2609 οὸς
753 2523 796 2597 άν
825 2522 941 2598 εἰκόνα
967 2531 1030 2597 τοῦ
1054 2524 1185 2610 πατρὸς
1207 2529 1242 2610 έξ
1263 2520 1371 2596 αὑτοῦ
1391 2521 1504 2610 φύντα
1609 2578 1615 2589 .

191 2627 311 2717 πάντη
341 2656 381 2699 τε
410 2634 465 2696 καὶ
499 2626 587 2698 κατὰ
618 2624 734 2698 πάντα
764 2620 973 2715 ὁμοιότατον
1003 2618 1089 2695 ὄντα
1110 2630 1162 2712 τῷ
1190 2619 1419 2712 γεγεννηκότι,
1450 2632 1505 2694 καὶ

192 2725 305 2800 αὑτὸν
327 2725 413 2798 θεὸν
433 2732 490 2797 καί
513 2732 597 2798 νοῦν
618 2734 674 2798 καί
697 2721 803 2814 λόγον
828 2730 882 2793 καὶ
905 2729 1031 2810 σοφίαν
1051 2729 1108 2793 καί
1131 2721 1222 2812 ζωήν
1243 2728 1298 2793 καί
1322 2729 1398 2842 φῶς
1419 2724 1505 2794 εἰναι

191 2824 304 2898 αὑτοῦ
326 2853 364 2897 τι
386 2831 450 2897 τοῦ
471 2831 579 2898 καλοῦ
601 2835 657 2897 καὶ
679 2823 812 2915 άγαθοῦ
833 2821 958 2903 εἰκόνα,
982 2819 1044 2894 ούκ
1066 2817 1173 2894 αὑτὸν
1195 2813 1282 2893 ὄντα
1297 2821 1361 2894 τὸν
1374 2828 1504 2909 πατέρα

191 2922 283 2997 ἀλλὰ
306 2924 370 2997 τὸν
392 2930 456 2996 τοῦ
478 2923 610 3014 πατρὸς
630 2952 799 3015 μονογενη
783 2919 900 3007 υίον
923 2918 998 2992 066'
1014 2949 1122 2993 αυτον
1137 2950 1224 2992 οντα
1238 2950 1302 2993 τον
1310 2927 1504 3010 αγεννητον

142 3037 174 3092 25
191 3024 295 3097 nal*
274 3051 425 3113 αναρχον
446 3021 534 3096 άλλά
556 3023 621 3096 τὸν
641 3029 677 3111 ἐξ
699 3021 806 3095 αύτοῦ
828 3021 940 3110 φύντα
954 3028 1011 3092 καὶ
1026 3016 1132 3109 άρχῆν
1152 3017 1476 3111 ἐπιγραφόμενον
1440 3050 1504 3092 τον

191 3122 432 3215 γεγεννηκότα.
484 3126 513 3195 εἰ
547 3129 583 3195 δὲ
618 3121 756 3205 τούτοις
792 3118 983 3211 άντιλέγοον
1017 3118 1219 3207 Μάρκελλος
1254 3117 1383 3192 ταύτὸν
1418 3122 1537 3192 εἰναιθ

192 3224 321 3311 φάσκοι
344 3225 408 3297 τὸν
429 3221 553 3309 θεὸν-Ι
586 3231 642 3293 καὶ
665 3221 728 3294 τὸν
750 3225 787 3292 έν
808 3219 903 3310 αύτῷ
926 3218 1045 3307 λόγον,
1072 3216 1265 3292 άσύνθετον
1290 3227 1347 3290 καὶ
1369 3215 1504 3291 άπλοῦν
1523 3234 1581 3290 122

193 3325 261 3397 τὸν
282 3323 367 3396 θεὸν
389 3319 595 3412 ὁριζόμενος,
619 3319 692 3409 ὁίρα
714 3319 800 3411 μήτε
821 3327 952 3406 πατέρα
973 3317 1057 3409 μήτε
1078 3317 1156 3390 υίὸν
1183 3313 1364 3408 ὁμολογεῖν
1385 3315 1502 3395 αὐτόν,

192 3423 356 3510 ἄντικρυς
386 3428 422 3494 δε
453 3421 518 3495 τὸν
538 3419 700 3494 Ἰουδαῖον
721 3417 1021 3509 προβάλλεσθαιΙ
1000 3447 1013 3485 ι
1050 3416 1113 3489 τὸν
1135 3424 1325 3503 Σαθέλλιον
1350 3413 1504 3505 εἰσάγειν,

143 3533 176 3587 30
191 3529 327 3646 πατέρα
355 3530 411 3594 καὶ
442 3522 518 3593 υίὸν
546 3519 609 3591 τόν
635 3518 742 3592 αὑτὸν
768 3521 852 3590 εἰναι
875 3515 1064 3605 φάσκοντα·
1100 3514 1189 3588 ὥστε
1219 3512 1294 3586 κατ’
1326 3513 1433 3587 αύτὸν
1463 3516 1504 3587 τὸ

195 3620 296 3694 ἐν’
275 3630 361 3713 αρχῆ
383 3615 428 3712 ῆν
448 3616 468 3693 ὁ
491 3618 647 3709 λόγος(
634 3644 709 3692 ισον
732 3621 816 3691 εἰναι
838 3625 890 3707 τῷ
913 3612 992 3688 ἐν’
971 3624 1055 3736 αρχῆ
1078 3608 1155 3705 ῆνὸ
1175 3614 1265 3697 θεός,
1287 3621 1344 3687 καί
1366 3614 1407 3685 τὸ
1432 3622 1504 3686 »καὶ

193 3717 340 3810 ὁλόγος
363 3713 407 3811 ῆν
426 3720 514 3809 πρὸς
537 3719 600 3790 τὸν
622 3719 723 3790 θεὸν(
757 3722 832 3790 ἰσον
858 3718 1018 3805 εἶναιτῷ
1041 3711 1138 3788 καὶὸ
1161 3714 1243 3797 θεὸς
1269 3705 1312 3804 ῆν
1333 3713 1419 3800 πρὸς
1442 3713 1505 3786 τόν

193 3817 291 3904 θεόν,
314 3817 462 3939 ὁμοίως·
464 3826 500 3890 δὲ
521 3827 577 3889 καὶ
599 3818 640 3889 τὸ
664 3826 784 3904 τρίτον
806 3813 935 3895 ταύτὸν
957 3788 1042 3886 είάαι
1064 3820 1115 3904 τῷ
1137 3821 1192 3885 καί
1214 3813 1296 3895 θεὸς
1318 3842 1362 3933 ην
1377 3844 1396 3885 ο
1386 3808 1502 3896 θεός,
1520 3833 1537 3888 9

193 3952 215 3989 α
198 3917 280 4010 ⁰66
302 3918 390 4039 πρὸς
413 3925 463 4008 τῷ
487 3915 713 4039 άσυναρτήτῳ
735 3924 791 3986 καί
812 3914 1088 4039 παραλογώτατα
1114 3918 1163 4004 εἰη
1186 3912 1239 3985 ἄν.
1280 3920 1357 3996 πῶς
1387 3918 1422 3983 δε
1447 3922 1503 3984 καὶ

145 4028 177 4081 35
194 4020 236 4091 τὸ
272 4016 406 4091 »πάντα
433 3991 478 4089 δι
510 4013 619 4089 αὑτοῦ
644 4022 795 4104 ἐγένετο»
821 4016 937 4103 χώραν
958 4013 1037 4097 εξει
1061 4015 1138 4096 ενὸς
1160 4006 1264 4094 ὄντος
1285 4019 1350 4083 τοῦ
1370 4008 1504 4084 ὑποκει-

284 4239 424 4303 lJoh.1‚
445 4236 701 4301 1-5Joh.1,1
731 4266 764 4275 -
791 4237 830 4291 ἰθ
855 4234 976 4305 ngNr.
995 4236 1079 4291 62-
1098 4234 1134 4289 81
1155 4233 1217 4288 Joh.
1236 4235 1344 4299 1,1—
1366 4232 1428 4288 Joh.
1447 4237 1503 4299 1,1

194 4341 367 4397 -88J06
387 4338 629 4405 1,1-ἰδίοίπ
649 4340 706 4403 1,3

282 4536 444 4611 Θὼσττερεί
461 4537 573 4609 εἰσῆγεν
597 4534 634 4593 ἂν
652 4537 704 4592 We
736 4538 741 4604 Ι
775 4536 812 4591 15
836 4534 975 4592 σύνθετον
993 4535 1047 4599 V*,
1074 4553 1141 4590 corr.
1161 4534 1199 4587 V²
1230 4536 1235 4600 Ι
1268 4534 1307 4590 Ιθ
1330 4529 1418 4588 αὑτὸν
1435 4535 1504 4589 θεὸν

197 4640 390 4704 θ’,οοταίἰο
422 4644 426 4708 Ι
461 4640 499 4697 18
517 4636 548 4696 εἴ
560 4659 586 4694 τι
603 4634 751 4703 άντιςΜο
784 4640 788 4705 Ι
822 4637 858 4691 21
880 4633 1097 4705 ὁμοιοτάτηνίί
1130 4638 1134 4702 Ι
1168 4632 1373 4703 2661÷6t³

1253 4722 1292 4773 S*
