<?xml version="1.0" encoding="UTF-8"?>
<!DOCTYPE html PUBLIC "-//W3C//DTD XHTML 1.0 Transitional//EN"
    "http://www.w3.org/TR/xhtml1/DTD/xhtml1-transitional.dtd">
<html xmlns="http://www.w3.org/1999/xhtml" xml:lang="en" lang="en">
 <head>
  <title>
</title>
<meta http-equiv="Content-Type" content="text/html;charset=utf-8" />
  <meta name='ocr-system' content='tesseract 3.04.00' />
  <meta name='ocr-capabilities' content='ocr_page ocr_carea ocr_par ocr_line ocrx_word'/>
</head>
<body>
  <div class='ocr_page' id='page_1' title='image "./diegriechischen01religoog/diegriechischen01religoog_0080.png"; bbox 0 0 3728 5508; ppageno 0'>
   <div class='ocr_carea' id='block_1_1' title="bbox 352 484 1072 559">
    <p class='ocr_par' dir='ltr' id='par_1_1' title="bbox 352 484 1072 559">
     <span class='ocr_line' id='line_1_1' title="bbox 352 484 1072 559; baseline 0.001 -18"><span class='ocrx_word' id='word_1_1' title='bbox 352 497 392 559; x_wconf 76' lang='lat'><strong><em>32</em></strong></span> <span class='ocrx_word' id='word_1_2' title='bbox 939 484 1072 542; x_wconf 74' lang='lat' dir='ltr'>Eusebius</span> 
     </span>
    </p>
   </div>
   <div class='ocr_carea' id='block_1_2' title="bbox 301 646 1726 4025">
    <p class='ocr_par' dir='ltr' id='par_1_2' title="bbox 318 646 1718 1538">
     <span class='ocr_line' id='line_1_2' title="bbox 353 646 1661 743; baseline -0.002 -21"><span class='ocrx_word' id='word_1_3' title='bbox 353 656 494 740; x_wconf 87' lang='grc' dir='ltr'><strong><em>γοῦντα,</em></strong></span> <span class='ocrx_word' id='word_1_4' title='bbox 524 648 613 740; x_wconf 87' lang='grc' dir='ltr'><strong><em>μόνη</em></strong></span> <span class='ocrx_word' id='word_1_5' title='bbox 635 680 673 722; x_wconf 90' lang='grc' dir='ltr'><strong><em>τε</em></strong></span> <span class='ocrx_word' id='word_1_6' title='bbox 696 656 843 743; x_wconf 80' lang='grc' dir='ltr'><strong><em>ἐνεργείᾳ</em></strong></span> <span class='ocrx_word' id='word_1_7' title='bbox 864 648 1034 739; x_wconf 73' lang='grc' dir='ltr'><strong><em>προϊόντα</em></strong></span> <span class='ocrx_word' id='word_1_8' title='bbox 1056 656 1119 722; x_wconf 90' lang='grc' dir='ltr'><strong><em>τοῦ</em></strong></span> <span class='ocrx_word' id='word_1_9' title='bbox 1139 647 1284 738; x_wconf 90' lang='grc' dir='ltr'><strong><em>πατρός,</em></strong></span> <span class='ocrx_word' id='word_1_10' title='bbox 1306 647 1355 733; x_wconf 85' lang='grc' dir='ltr'><strong><em>σός</em></strong></span> <span class='ocrx_word' id='word_1_11' title='bbox 1376 646 1419 721; x_wconf 71' lang='grc' dir='ltr'><strong><em>ἂν</em></strong></span> <span class='ocrx_word' id='word_1_12' title='bbox 1439 656 1496 720; x_wconf 86' lang='grc' dir='ltr'><strong><em>καὶ</em></strong></span> <span class='ocrx_word' id='word_1_13' title='bbox 1513 646 1605 741; x_wconf 80' lang='grc' dir='ltr'><em>ἡμεῖς</em></span> <span class='ocrx_word' id='word_1_14' title='bbox 1627 679 1661 720; x_wconf 91' lang='grc' dir='ltr'><strong><em>τι</em></strong></span> 
     </span>
     <span class='ocr_line' id='line_1_3' title="bbox 352 742 1663 871; baseline 0 -50"><span class='ocrx_word' id='word_1_15' title='bbox 352 748 630 839; x_wconf 74' lang='grc' dir='ltr'><em>προστάττοντες</em></span> <span class='ocrx_word' id='word_1_16' title='bbox 652 755 688 821; x_wconf 89' lang='grc' dir='ltr'><strong><em>ἐν</em></strong></span> <span class='ocrx_word' id='word_1_17' title='bbox 711 757 762 841; x_wconf 80' lang='grc' dir='ltr'><strong><em>τῷ</em></strong></span> <span class='ocrx_word' id='word_1_18' title='bbox 786 756 896 838; x_wconf 85' lang='grc' dir='ltr'><strong><em>λέγειν</em></strong></span> <span class='ocrx_word' id='word_1_19' title='bbox 918 779 951 820; x_wconf 91' lang='grc' dir='ltr'><strong><em>τι</em></strong></span> <span class='ocrx_word' id='word_1_20' title='bbox 972 756 1028 822; x_wconf 81' lang='grc' dir='ltr'><strong><em>καί</em></strong></span> <span class='ocrx_word' id='word_1_21' title='bbox 1050 762 1167 823; x_wconf 75' lang='grc' dir='ltr'><strong><em>λαλεῖν</em></strong></span> <span class='ocrx_word' id='word_1_22' title='bbox 1188 742 1489 871; x_wconf 49' lang='lat' dir='ltr'><em>6vepy6oatuevf&#39;</em></span> <span class='ocrx_word' id='word_1_23' title='bbox 1470 778 1524 821; x_wconf 92' lang='grc' dir='ltr'><strong><em>οτι</em></strong></span> <span class='ocrx_word' id='word_1_24' title='bbox 1545 745 1579 821; x_wconf 99' lang='grc' dir='ltr'><strong><em>δ</em></strong></span> <span class='ocrx_word' id='word_1_25' title='bbox 1600 747 1663 821; x_wconf 82' lang='grc' dir='ltr'><strong><em>οῦκ</em></strong></span> 
     </span>
     <span class='ocr_line' id='line_1_4' title="bbox 353 843 1664 940; baseline 0 -20"><span class='ocrx_word' id='word_1_26' title='bbox 353 849 397 920; x_wconf 80' lang='grc' dir='ltr'><strong><em>ἄν</em></strong></span> <span class='ocrx_word' id='word_1_27' title='bbox 418 878 470 932; x_wconf 89' lang='grc' dir='ltr'><strong><em>τις</em></strong></span> <span class='ocrx_word' id='word_1_28' title='bbox 497 843 590 921; x_wconf 86' lang='grc' dir='ltr'><strong><em>οῦτιυ</em></strong></span> <span class='ocrx_word' id='word_1_29' title='bbox 617 878 653 938; x_wconf 93' lang='grc' dir='ltr'><strong><em>γε</em></strong></span> <span class='ocrx_word' id='word_1_30' title='bbox 685 854 775 921; x_wconf 79' lang='grc' dir='ltr'><strong><em>εἴποι</em></strong></span> <span class='ocrx_word' id='word_1_31' title='bbox 806 850 883 922; x_wconf 80' lang='grc' dir='ltr'><strong><em>υἱὸν</em></strong></span> <span class='ocrx_word' id='word_1_32' title='bbox 913 852 998 921; x_wconf 80' lang='grc' dir='ltr'><strong><em>εἶναι</em></strong></span> <span class='ocrx_word' id='word_1_33' title='bbox 1028 847 1092 921; x_wconf 86' lang='grc' dir='ltr'><strong><em>τόν</em></strong></span> <span class='ocrx_word' id='word_1_34' title='bbox 1123 847 1330 940; x_wconf 86' lang='grc' dir='ltr'><strong><em>σημαντικόν</em></strong></span> <span class='ocrx_word' id='word_1_35' title='bbox 1359 857 1414 922; x_wconf 85' lang='grc' dir='ltr'><strong><em>καὶ</em></strong></span> <span class='ocrx_word' id='word_1_36' title='bbox 1445 848 1664 939; x_wconf 85' lang='grc' dir='ltr'><strong><em>ἐνεργητικὸν</em></strong></span> 
     </span>
     <span class='ocr_line' id='line_1_5' title="bbox 353 945 1664 1039; baseline 0 -20"><span class='ocrx_word' id='word_1_37' title='bbox 353 946 458 1039; x_wconf 89' lang='grc' dir='ltr'><strong><em>λόγον</em></strong></span> <span class='ocrx_word' id='word_1_38' title='bbox 479 959 585 1022; x_wconf 87' lang='grc' dir='ltr'><strong><em>παντί</em></strong></span> <span class='ocrx_word' id='word_1_39' title='bbox 606 979 659 1038; x_wconf 85' lang='grc' dir='ltr'><strong><em>τῳ</em></strong></span> <span class='ocrx_word' id='word_1_40' title='bbox 682 945 849 1039; x_wconf 84' lang='grc' dir='ltr'><strong><em>δῆλον.</em></strong></span> <span class='ocrx_word' id='word_1_41' title='bbox 832 978 851 1020; x_wconf 94' lang='grc' dir='ltr'><strong><em>ο</em></strong></span> <span class='ocrx_word' id='word_1_42' title='bbox 873 955 909 1021; x_wconf 78' lang='grc' dir='ltr'><strong><em>δέ</em></strong></span> <span class='ocrx_word' id='word_1_43' title='bbox 923 955 1029 1023; x_wconf 88' lang='grc' dir='ltr'><strong><em>τοῦτο</em></strong></span> <span class='ocrx_word' id='word_1_44' title='bbox 1045 949 1123 1033; x_wconf 88' lang='grc' dir='ltr'><strong><em>δοῦς</em></strong></span> <span class='ocrx_word' id='word_1_45' title='bbox 1145 955 1200 1022; x_wconf 81' lang='grc' dir='ltr'><strong><em>ἐπὶ</em></strong></span> <span class='ocrx_word' id='word_1_46' title='bbox 1215 980 1279 1023; x_wconf 93' lang='grc' dir='ltr'><strong><em>του</em></strong></span> <span class='ocrx_word' id='word_1_47' title='bbox 1263 955 1385 1036; x_wconf 76' lang='grc' dir='ltr'><strong><em>’θεοῦ</em></strong></span> <span class='ocrx_word' id='word_1_48' title='bbox 1407 946 1470 1021; x_wconf 89' lang='grc' dir='ltr'><strong><em>οῦκ</em></strong></span> <span class='ocrx_word' id='word_1_49' title='bbox 1484 951 1521 1022; x_wconf 82' lang='grc' dir='ltr'><strong><em>οἱ</em></strong></span> <span class='ocrx_word' id='word_1_50' title='bbox 1505 946 1588 1023; x_wconf 73' lang='grc' dir='ltr'><strong><em>ί”δ’</em></strong></span> <span class='ocrx_word' id='word_1_51' title='bbox 1568 978 1664 1033; x_wconf 85' lang='grc' dir='ltr'><strong><em>οπως</em></strong></span> 
     </span>
     <span class='ocr_line' id='line_1_6' title="bbox 318 1044 1664 1140; baseline 0.001 -22"><span class='ocrx_word' id='word_1_52' title='bbox 318 1047 416 1121; x_wconf 82' lang='grc' dir='ltr'><strong><em>5τὸν</em></strong></span> <span class='ocrx_word' id='word_1_53' title='bbox 436 1049 481 1140; x_wconf 86' lang='grc' dir='ltr'><strong><em>μή</em></strong></span> <span class='ocrx_word' id='word_1_54' title='bbox 503 1046 688 1138; x_wconf 78' lang='grc' dir='ltr'><strong><em>ὑφεστῶτα</em></strong></span> <span class='ocrx_word' id='word_1_55' title='bbox 719 1046 825 1140; x_wconf 91' lang='grc' dir='ltr'><strong><em>λόγον</em></strong></span> <span class='ocrx_word' id='word_1_56' title='bbox 854 1048 920 1139; x_wconf 84' lang='grc' dir='ltr'><strong><em>τὴν</em></strong></span> <span class='ocrx_word' id='word_1_57' title='bbox 949 1048 1055 1138; x_wconf 83' lang='grc' dir='ltr'><strong><em>σάρκα</em></strong></span> <span class='ocrx_word' id='word_1_58' title='bbox 1086 1044 1305 1138; x_wconf 72' lang='grc' dir='ltr'><strong><em>ἀνειληφέναι</em></strong></span> <span class='ocrx_word' id='word_1_59' title='bbox 1335 1057 1391 1120; x_wconf 83' lang='grc' dir='ltr'><strong><em>καί</em></strong></span> <span class='ocrx_word' id='word_1_60' title='bbox 1421 1053 1594 1140; x_wconf 85' lang='grc' dir='ltr'><strong><em>ἐνεργῆσαι</em></strong></span> <span class='ocrx_word' id='word_1_61' title='bbox 1625 1053 1664 1120; x_wconf 83' lang='grc' dir='ltr'><strong><em>ἐν</em></strong></span> 
     </span>
     <span class='ocr_line' id='line_1_7' title="bbox 351 1145 1718 1239; baseline 0.003 -22"><span class='ocrx_word' id='word_1_62' title='bbox 351 1146 438 1238; x_wconf 84' lang='grc' dir='ltr'><strong><em>αῦτή</em></strong></span> <span class='ocrx_word' id='word_1_63' title='bbox 460 1172 565 1239; x_wconf 87' lang='grc' dir='ltr'><strong><em>φησιν</em></strong></span> <span class='ocrx_word' id='word_1_64' title='bbox 586 1157 641 1221; x_wconf 79' lang='grc' dir='ltr'><strong><em>καί</em></strong></span> <span class='ocrx_word' id='word_1_65' title='bbox 669 1146 749 1221; x_wconf 88' lang='grc' dir='ltr'><strong><em>τότε</em></strong></span> <span class='ocrx_word' id='word_1_66' title='bbox 771 1148 922 1235; x_wconf 83' lang='grc' dir='ltr'><strong><em>Χριστόν</em></strong></span> <span class='ocrx_word' id='word_1_67' title='bbox 943 1153 1100 1236; x_wconf 87' lang='grc' dir='ltr'><strong><em>γενέσθαι</em></strong></span> <span class='ocrx_word' id='word_1_68' title='bbox 1130 1156 1185 1220; x_wconf 84' lang='grc' dir='ltr'><strong><em>καὶ</em></strong></span> <span class='ocrx_word' id='word_1_69' title='bbox 1207 1145 1334 1239; x_wconf 78' lang='grc' dir='ltr'><strong><em>Ἰησοῦν</em></strong></span> <span class='ocrx_word' id='word_1_70' title='bbox 1363 1156 1420 1221; x_wconf 84' lang='grc' dir='ltr'><strong><em>καὶ</em></strong></span> <span class='ocrx_word' id='word_1_71' title='bbox 1444 1153 1582 1234; x_wconf 79' lang='grc' dir='ltr'><strong><em>βασιλέα</em></strong></span> <span class='ocrx_word' id='word_1_72' title='bbox 1606 1156 1663 1220; x_wconf 87' lang='grc' dir='ltr'><strong><em>καὶ</em></strong></span> <span class='ocrx_word' id='word_1_73' title='bbox 1700 1166 1718 1221; x_wconf 82' lang='grc'><strong>3</strong></span> 
     </span>
     <span class='ocr_line' id='line_1_8' title="bbox 352 1246 1665 1338; baseline 0 -19"><span class='ocrx_word' id='word_1_74' title='bbox 352 1246 467 1320; x_wconf 82' lang='grc' dir='ltr'><strong><em>εἰκόνα</em></strong></span> <span class='ocrx_word' id='word_1_75' title='bbox 489 1255 553 1321; x_wconf 89' lang='grc' dir='ltr'><strong><em>τοῦ</em></strong></span> <span class='ocrx_word' id='word_1_76' title='bbox 574 1255 658 1320; x_wconf 90' lang='grc' dir='ltr'><strong><em>θεοῦ</em></strong></span> <span class='ocrx_word' id='word_1_77' title='bbox 678 1255 734 1319; x_wconf 79' lang='grc' dir='ltr'><strong><em>καί</em></strong></span> <span class='ocrx_word' id='word_1_78' title='bbox 763 1246 941 1338; x_wconf 75' lang='grc' dir='ltr'><strong><em>ἀγαπητὸν</em></strong></span> <span class='ocrx_word' id='word_1_79' title='bbox 967 1256 1022 1320; x_wconf 82' lang='grc' dir='ltr'><strong><em>καὶ</em></strong></span> <span class='ocrx_word' id='word_1_80' title='bbox 1054 1248 1130 1321; x_wconf 78' lang='grc' dir='ltr'><strong><em>υἱόν</em></strong></span> <span class='ocrx_word' id='word_1_81' title='bbox 1159 1254 1418 1337; x_wconf 74' lang='grc' dir='ltr'><strong><em>δεδοξασμένον,</em></strong></span> <span class='ocrx_word' id='word_1_82' title='bbox 1449 1255 1505 1319; x_wconf 83' lang='grc' dir='ltr'><strong><em>καὶ</em></strong></span> <span class='ocrx_word' id='word_1_83' title='bbox 1536 1250 1577 1338; x_wconf 87' lang='grc' dir='ltr'><strong><em>δή</em></strong></span> <span class='ocrx_word' id='word_1_84' title='bbox 1607 1255 1665 1319; x_wconf 83' lang='grc' dir='ltr'><strong><em>καί</em></strong></span> 
     </span>
     <span class='ocr_line' id='line_1_9' title="bbox 352 1342 1665 1438; baseline 0 -20"><span class='ocrx_word' id='word_1_85' title='bbox 352 1345 582 1435; x_wconf 78' lang='grc' dir='ltr'><strong><em>πρωτότοκον</em></strong></span> <span class='ocrx_word' id='word_1_86' title='bbox 603 1346 711 1438; x_wconf 80' lang='grc' dir='ltr'><strong><em>πόσης</em></strong></span> <span class='ocrx_word' id='word_1_87' title='bbox 726 1357 878 1433; x_wconf 80' lang='grc' dir='ltr'><strong><em>κτίσεως,</em></strong></span> <span class='ocrx_word' id='word_1_88' title='bbox 900 1348 945 1438; x_wconf 87' lang='grc' dir='ltr'><strong><em>μή</em></strong></span> <span class='ocrx_word' id='word_1_89' title='bbox 965 1342 1051 1420; x_wconf 82' lang='grc' dir='ltr'><strong><em>ὄντα</em></strong></span> <span class='ocrx_word' id='word_1_90' title='bbox 1065 1345 1245 1436; x_wconf 88' lang='grc' dir='ltr'><strong><em>πρότερον,</em></strong></span> <span class='ocrx_word' id='word_1_91' title='bbox 1267 1345 1348 1419; x_wconf 90' lang='grc' dir='ltr'><strong><em>τότε</em></strong></span> <span class='ocrx_word' id='word_1_92' title='bbox 1371 1353 1528 1436; x_wconf 89' lang='grc' dir='ltr'><strong><em>γενέσθαι</em></strong></span> <span class='ocrx_word' id='word_1_93' title='bbox 1543 1354 1665 1436; x_wconf 85' lang='grc' dir='ltr'><strong><em>καίπερ</em></strong></span> 
     </span>
     <span class='ocr_line' id='line_1_10' title="bbox 352 1443 1667 1538; baseline -0.002 -19"><span class='ocrx_word' id='word_1_94' title='bbox 352 1444 413 1536; x_wconf 86' lang='grc' dir='ltr'><strong><em>οῦχ</em></strong></span> <span class='ocrx_word' id='word_1_95' title='bbox 434 1445 629 1535; x_wconf 80' lang='grc' dir='ltr'><strong><em>ῦφεστῶτα·</em></strong></span> <span class='ocrx_word' id='word_1_96' title='bbox 651 1449 692 1521; x_wconf 89' lang='grc' dir='ltr'><strong><em>τό</em></strong></span> <span class='ocrx_word' id='word_1_97' title='bbox 716 1454 751 1519; x_wconf 83' lang='grc' dir='ltr'><strong><em>δὲ</em></strong></span> <span class='ocrx_word' id='word_1_98' title='bbox 773 1446 970 1538; x_wconf 77' lang='grc' dir='ltr'><strong><em>παράδοξον</em></strong></span> <span class='ocrx_word' id='word_1_99' title='bbox 991 1453 1055 1519; x_wconf 91' lang='grc' dir='ltr'><strong><em>τοῦ</em></strong></span> <span class='ocrx_word' id='word_1_100' title='bbox 1076 1443 1189 1535; x_wconf 88' lang='grc' dir='ltr'><strong><em>λόγου,</em></strong></span> <span class='ocrx_word' id='word_1_101' title='bbox 1212 1447 1380 1536; x_wconf 77' lang='grc' dir='ltr'><strong><em>ἄρξασθαί</em></strong></span> <span class='ocrx_word' id='word_1_102' title='bbox 1401 1475 1437 1537; x_wconf 89' lang='grc' dir='ltr'><strong><em>γε</em></strong></span> <span class='ocrx_word' id='word_1_103' title='bbox 1455 1443 1524 1520; x_wconf 75' lang='grc' dir='ltr'><strong><em>ἀπὸ</em></strong></span> <span class='ocrx_word' id='word_1_104' title='bbox 1547 1475 1667 1534; x_wconf 86' lang='grc' dir='ltr'><strong><em>τετρα-</em></strong></span> 
     </span>
    </p>

    <p class='ocr_par' dir='ltr' id='par_1_3' title="bbox 301 1542 1668 2036">
     <span class='ocr_line' id='line_1_11' title="bbox 301 1542 1666 1668; baseline -0.001 -51"><span class='ocrx_word' id='word_1_105' title='bbox 301 1563 335 1618; x_wconf 87' lang='lat'><strong><em>10</em></strong></span> <span class='ocrx_word' id='word_1_106' title='bbox 351 1553 480 1619; x_wconf 87' lang='grc' dir='ltr'><strong><em>κοσίων</em></strong></span> <span class='ocrx_word' id='word_1_107' title='bbox 498 1544 577 1618; x_wconf 80' lang='grc' dir='ltr'><strong><em>οῦδέ</em></strong></span> <span class='ocrx_word' id='word_1_108' title='bbox 599 1542 694 1621; x_wconf 81' lang='grc' dir='ltr'><strong><em>όλαιν</em></strong></span> <span class='ocrx_word' id='word_1_109' title='bbox 716 1553 808 1620; x_wconf 80' lang='grc' dir='ltr'><strong><em>ἐτῶν</em></strong></span> <span class='ocrx_word' id='word_1_110' title='bbox 830 1546 967 1620; x_wconf 82' lang='grc' dir='ltr'><strong><em>τούτων</em></strong></span> <span class='ocrx_word' id='word_1_111' title='bbox 988 1543 1157 1668; x_wconf 69' lang='lat' dir='ltr'><em>6n6vt6v</em></span> <span class='ocrx_word' id='word_1_112' title='bbox 1178 1555 1235 1618; x_wconf 83' lang='grc' dir='ltr'><strong><em>καὶ</em></strong></span> <span class='ocrx_word' id='word_1_113' title='bbox 1249 1545 1354 1619; x_wconf 82' lang='grc' dir='ltr'><strong><em>πόλιν</em></strong></span> <span class='ocrx_word' id='word_1_114' title='bbox 1369 1547 1508 1619; x_wconf 87' lang='grc' dir='ltr'><strong><em>τοῦτιον</em></strong></span> <span class='ocrx_word' id='word_1_115' title='bbox 1523 1542 1666 1633; x_wconf 76' lang='grc' dir='ltr'><strong><em>ἀθρόοις</em></strong></span> 
     </span>
     <span class='ocr_line' id='line_1_12' title="bbox 351 1643 1666 1737; baseline -0.002 -19"><span class='ocrx_word' id='word_1_116' title='bbox 351 1644 590 1737; x_wconf 88' lang='grc' dir='ltr'><strong><em>παυθήσεσθαι</em></strong></span> <span class='ocrx_word' id='word_1_117' title='bbox 611 1647 694 1737; x_wconf 83' lang='grc' dir='ltr'><strong><em>μετὰ</em></strong></span> <span class='ocrx_word' id='word_1_118' title='bbox 710 1678 774 1720; x_wconf 91' lang='grc' dir='ltr'><strong><em>τον</em></strong></span> <span class='ocrx_word' id='word_1_119' title='bbox 786 1677 848 1737; x_wconf 90' lang='grc' dir='ltr'><strong><em>της</em></strong></span> <span class='ocrx_word' id='word_1_120' title='bbox 868 1657 1011 1736; x_wconf 85' lang='grc' dir='ltr'><strong><em>κρίσεως</em></strong></span> <span class='ocrx_word' id='word_1_121' title='bbox 1032 1646 1160 1736; x_wconf 90' lang='grc' dir='ltr'><strong><em>καιρόν,</em></strong></span> <span class='ocrx_word' id='word_1_122' title='bbox 1184 1675 1247 1718; x_wconf 89' lang='grc' dir='ltr'><strong><em>του</em></strong></span> <span class='ocrx_word' id='word_1_123' title='bbox 1231 1653 1329 1736; x_wconf 80' lang='grc' dir='ltr'><strong><em>μέν</em></strong></span> <span class='ocrx_word' id='word_1_124' title='bbox 1351 1643 1457 1735; x_wconf 88' lang='grc' dir='ltr'><strong><em>λόγου</em></strong></span> <span class='ocrx_word' id='word_1_125' title='bbox 1479 1648 1666 1734; x_wconf 81' lang='grc' dir='ltr'><strong><em>ένουμένου</em></strong></span> 
     </span>
     <span class='ocr_line' id='line_1_13' title="bbox 352 1736 1668 1875; baseline -0.002 -58"><span class='ocrx_word' id='word_1_126' title='bbox 352 1753 403 1835; x_wconf 82' lang='grc' dir='ltr'><strong><em>τῷ</em></strong></span> <span class='ocrx_word' id='word_1_127' title='bbox 426 1754 514 1837; x_wconf 82' lang='grc' dir='ltr'><strong><em>θεῷ,</em></strong></span> <span class='ocrx_word' id='word_1_128' title='bbox 546 1745 594 1832; x_wconf 85' lang='grc' dir='ltr'><strong><em>σός</em></strong></span> <span class='ocrx_word' id='word_1_129' title='bbox 619 1755 722 1839; x_wconf 80' lang='grc' dir='ltr'><strong><em>μηδέν</em></strong></span> <span class='ocrx_word' id='word_1_130' title='bbox 750 1750 867 1835; x_wconf 70' lang='grc' dir='ltr'><strong><em>ἕτερον</em></strong></span> <span class='ocrx_word' id='word_1_131' title='bbox 888 1750 973 1819; x_wconf 80' lang='grc' dir='ltr'><strong><em>εἶναι</em></strong></span> <span class='ocrx_word' id='word_1_132' title='bbox 995 1746 1086 1837; x_wconf 84' lang='grc' dir='ltr'><strong><em>πλὴν</em></strong></span> <span class='ocrx_word' id='word_1_133' title='bbox 1108 1753 1171 1820; x_wconf 90' lang='grc' dir='ltr'><strong><em>τοῦ</em></strong></span> <span class='ocrx_word' id='word_1_134' title='bbox 1192 1752 1290 1831; x_wconf 90' lang='grc' dir='ltr'><strong><em>θεοῦ,</em></strong></span> <span class='ocrx_word' id='word_1_135' title='bbox 1321 1751 1381 1835; x_wconf 83' lang='grc' dir='ltr'><strong><em>τῆς</em></strong></span> <span class='ocrx_word' id='word_1_136' title='bbox 1412 1751 1448 1817; x_wconf 75' lang='grc' dir='ltr'><strong><em>δέ</em></strong></span> <span class='ocrx_word' id='word_1_137' title='bbox 1481 1742 1605 1836; x_wconf 85' lang='grc' dir='ltr'><strong><em>σαρκός</em></strong></span> <span class='ocrx_word' id='word_1_138' title='bbox 1613 1736 1668 1875; x_wconf 81' lang='grc' dir='ltr'><strong><em>ής</em></strong></span> 
     </span>
     <span class='ocr_line' id='line_1_14' title="bbox 352 1820 1668 1971; baseline 0 -55"><span class='ocrx_word' id='word_1_139' title='bbox 352 1820 533 1936; x_wconf 79' lang='grc' dir='ltr'><strong><em>ἇνείληφεν</em></strong></span> <span class='ocrx_word' id='word_1_140' title='bbox 547 1846 674 1971; x_wconf 78' lang='grc' dir='ltr'><strong><em>ἐρήμου</em></strong></span> <span class='ocrx_word' id='word_1_141' title='bbox 689 1842 1086 1968; x_wconf 76' lang='grc' dir='ltr'><strong><em>καταλειφθήσομένης</em></strong></span> <span class='ocrx_word' id='word_1_142' title='bbox 1065 1844 1133 1918; x_wconf 83' lang='grc' dir='ltr'><strong><em>υπὸ</em></strong></span> <span class='ocrx_word' id='word_1_143' title='bbox 1150 1844 1340 1935; x_wconf 89' lang='grc' dir='ltr'><strong><em>τοῦλόγου,</em></strong></span> <span class='ocrx_word' id='word_1_144' title='bbox 1357 1877 1406 1929; x_wconf 86' lang='grc' dir='ltr'><strong><em>ως</em></strong></span> <span class='ocrx_word' id='word_1_145' title='bbox 1419 1844 1503 1937; x_wconf 90' lang='grc' dir='ltr'><strong><em>μήτε</em></strong></span> <span class='ocrx_word' id='word_1_146' title='bbox 1518 1844 1581 1917; x_wconf 87' lang='grc' dir='ltr'><strong><em>τόν</em></strong></span> <span class='ocrx_word' id='word_1_147' title='bbox 1590 1844 1668 1916; x_wconf 87' lang='grc' dir='ltr'><strong><em>υιόν</em></strong></span> 
     </span>
     <span class='ocr_line' id='line_1_15' title="bbox 353 1939 1668 2036; baseline -0.002 -20"><span class='ocrx_word' id='word_1_148' title='bbox 353 1953 416 2017; x_wconf 88' lang='grc' dir='ltr'><strong><em>τοῦ</em></strong></span> <span class='ocrx_word' id='word_1_149' title='bbox 438 1954 524 2019; x_wconf 92' lang='grc' dir='ltr'><strong><em>θεοῦ</em></strong></span> <span class='ocrx_word' id='word_1_150' title='bbox 546 1944 625 2019; x_wconf 91' lang='grc' dir='ltr'><strong><em>τότε</em></strong></span> <span class='ocrx_word' id='word_1_151' title='bbox 640 1945 836 2036; x_wconf 83' lang='grc' dir='ltr'><strong><em>ῦφεστάναι,</em></strong></span> <span class='ocrx_word' id='word_1_152' title='bbox 858 1944 943 2036; x_wconf 88' lang='grc' dir='ltr'><strong><em>μήτε</em></strong></span> <span class='ocrx_word' id='word_1_153' title='bbox 964 1946 1030 2018; x_wconf 87' lang='grc' dir='ltr'><strong><em>τόν</em></strong></span> <span class='ocrx_word' id='word_1_154' title='bbox 1043 1946 1118 2018; x_wconf 78' lang='grc' dir='ltr'><strong><em>υἱόν</em></strong></span> <span class='ocrx_word' id='word_1_155' title='bbox 1132 1975 1196 2018; x_wconf 93' lang='grc' dir='ltr'><strong><em>του</em></strong></span> <span class='ocrx_word' id='word_1_156' title='bbox 1180 1939 1428 2035; x_wconf 67' lang='grc' dir='ltr'><strong><em>ἰῦνθριόπου</em></strong></span> <span class='ocrx_word' id='word_1_157' title='bbox 1416 1939 1457 2017; x_wconf 87' lang='grc' dir='ltr'><strong><em>όν</em></strong></span> <span class='ocrx_word' id='word_1_158' title='bbox 1472 1942 1668 2035; x_wconf 78' lang='grc' dir='ltr'><strong><em>ἀνείληφεν.</em></strong></span> 
     </span>
    </p>

    <p class='ocr_par' dir='ltr' id='par_1_4' title="bbox 302 2040 1721 3032">
     <span class='ocr_line' id='line_1_16' title="bbox 302 2040 1721 2136; baseline 0 -25"><span class='ocrx_word' id='word_1_159' title='bbox 302 2060 334 2114; x_wconf 83' lang='grc'><strong><em>15</em></strong></span> <span class='ocrx_word' id='word_1_160' title='bbox 351 2054 407 2117; x_wconf 84' lang='grc' dir='ltr'><strong><em>καὶ</em></strong></span> <span class='ocrx_word' id='word_1_161' title='bbox 431 2046 471 2136; x_wconf 83' lang='lat'><strong><em>66</em></strong></span> <span class='ocrx_word' id='word_1_162' title='bbox 495 2052 542 2129; x_wconf 88' lang='grc' dir='ltr'><strong><em>είς</em></strong></span> <span class='ocrx_word' id='word_1_163' title='bbox 565 2054 670 2119; x_wconf 90' lang='grc' dir='ltr'><strong><em>τοῦτο</em></strong></span> <span class='ocrx_word' id='word_1_164' title='bbox 694 2054 814 2131; x_wconf 81' lang='grc' dir='ltr'><strong><em>τέλους</em></strong></span> <span class='ocrx_word' id='word_1_165' title='bbox 836 2053 1071 2134; x_wconf 80' lang='grc' dir='ltr'><strong><em>καταστρέφει,</em></strong></span> <span class='ocrx_word' id='word_1_166' title='bbox 1095 2043 1211 2135; x_wconf 77' lang='grc' dir='ltr'><strong><em>ὥσπερ</em></strong></span> <span class='ocrx_word' id='word_1_167' title='bbox 1231 2051 1484 2134; x_wconf 68' lang='grc' dir='ltr'><strong><em>κεκουφισμένος</em></strong></span> <span class='ocrx_word' id='word_1_168' title='bbox 1505 2051 1561 2115; x_wconf 82' lang='grc' dir='ltr'><strong><em>καὶ</em></strong></span> <span class='ocrx_word' id='word_1_169' title='bbox 1580 2040 1668 2134; x_wconf 91' lang='grc' dir='ltr'><strong><em>μήτε</em></strong></span> <span class='ocrx_word' id='word_1_170' title='bbox 1702 2057 1721 2110; x_wconf 82' lang='lat'>4</span> 
     </span>
     <span class='ocr_line' id='line_1_17' title="bbox 352 2141 1668 2236; baseline -0.002 -21"><span class='ocrx_word' id='word_1_171' title='bbox 352 2153 416 2217; x_wconf 88' lang='grc' dir='ltr'><strong><em>τοῦ</em></strong></span> <span class='ocrx_word' id='word_1_172' title='bbox 437 2141 580 2234; x_wconf 73' lang='grc' dir='ltr'><strong><em>ἀγγέλου</em></strong></span> <span class='ocrx_word' id='word_1_173' title='bbox 604 2146 752 2236; x_wconf 78' lang='grc' dir='ltr'><strong><em>Γαβριὴλ</em></strong></span> <span class='ocrx_word' id='word_1_174' title='bbox 774 2144 919 2230; x_wconf 81' lang='grc' dir='ltr'><strong><em>ἇκοῦοον,</em></strong></span> <span class='ocrx_word' id='word_1_175' title='bbox 941 2142 1240 2234; x_wconf 76' lang='grc' dir='ltr'><strong><em>εὐαγγελιζομένου</em></strong></span> <span class='ocrx_word' id='word_1_176' title='bbox 1267 2143 1331 2233; x_wconf 87' lang='grc' dir='ltr'><strong><em>τήν</em></strong></span> <span class='ocrx_word' id='word_1_177' title='bbox 1353 2142 1526 2217; x_wconf 89' lang='grc' dir='ltr'><strong><em>θεοτόκον</em></strong></span> <span class='ocrx_word' id='word_1_178' title='bbox 1546 2150 1668 2230; x_wconf 80' lang='grc' dir='ltr'><strong><em>σαφῶς</em></strong></span> 
     </span>
     <span class='ocr_line' id='line_1_18' title="bbox 352 2242 1668 2363; baseline -0.001 -48"><span class='ocrx_word' id='word_1_179' title='bbox 352 2273 389 2316; x_wconf 91' lang='grc' dir='ltr'><strong><em>τε</em></strong></span> <span class='ocrx_word' id='word_1_180' title='bbox 412 2253 467 2315; x_wconf 84' lang='grc' dir='ltr'><strong><em>καὶ</em></strong></span> <span class='ocrx_word' id='word_1_181' title='bbox 490 2244 673 2336; x_wconf 76' lang='grc' dir='ltr'><strong><em>διαρρήδην</em></strong></span> <span class='ocrx_word' id='word_1_182' title='bbox 694 2253 770 2333; x_wconf 83' lang='grc' dir='ltr'><strong><em>περὶ</em></strong></span> <span class='ocrx_word' id='word_1_183' title='bbox 785 2273 848 2316; x_wconf 91' lang='grc' dir='ltr'><strong><em>του</em></strong></span> <span class='ocrx_word' id='word_1_184' title='bbox 834 2249 899 2331; x_wconf 75' lang='grc' dir='ltr'><strong><em>ἐξ</em></strong></span> <span class='ocrx_word' id='word_1_185' title='bbox 921 2242 1024 2334; x_wconf 85' lang='grc' dir='ltr'><strong><em>αῦτῆς</em></strong></span> <span class='ocrx_word' id='word_1_186' title='bbox 1041 2251 1294 2335; x_wconf 88' lang='grc' dir='ltr'><strong><em>τεχθησομένου</em></strong></span> <span class='ocrx_word' id='word_1_187' title='bbox 1315 2252 1371 2315; x_wconf 84' lang='grc' dir='ltr'><strong><em>καὶ</em></strong></span> <span class='ocrx_word' id='word_1_188' title='bbox 1397 2248 1452 2314; x_wconf 90' lang='grc' dir='ltr'><strong><em>ἐκ</em></strong></span> <span class='ocrx_word' id='word_1_189' title='bbox 1474 2249 1668 2363; x_wconf 88' lang='grc' dir='ltr'><strong><em>σπέρματος</em></strong></span> 
     </span>
     <span class='ocr_line' id='line_1_19' title="bbox 352 2340 1669 2465; baseline 0 -52"><span class='ocrx_word' id='word_1_190' title='bbox 352 2349 455 2416; x_wconf 80' lang='grc' dir='ltr'><strong><em>Δαυιδ</em></strong></span> <span class='ocrx_word' id='word_1_191' title='bbox 488 2344 576 2417; x_wconf 82' lang='grc' dir='ltr'><strong><em>κατὰ</em></strong></span> <span class='ocrx_word' id='word_1_192' title='bbox 603 2342 725 2433; x_wconf 79' lang='grc' dir='ltr'><strong><em>οάρκα«</em></strong></span> <span class='ocrx_word' id='word_1_193' title='bbox 756 2348 1046 2434; x_wconf 86' lang='grc' dir='ltr'><strong><em>προελευσομένου</em></strong></span> <span class='ocrx_word' id='word_1_194' title='bbox 1081 2342 1276 2432; x_wconf 80' lang='grc' dir='ltr'><strong><em>φάσκοντος</em></strong></span> <span class='ocrx_word' id='word_1_195' title='bbox 1313 2344 1405 2416; x_wconf 74' lang='grc' dir='ltr'><strong><em>»ἰδοῦ</em></strong></span> <span class='ocrx_word' id='word_1_196' title='bbox 1441 2340 1669 2465; x_wconf 78' lang='grc' dir='ltr'><strong><em>συλλήψην</em></strong></span> <span class='ocrx_word' id='word_1_197' title='bbox 1630 2347 1669 2413; x_wconf 90' lang='grc' dir='ltr'><strong><em>ἐν</em></strong></span> 
     </span>
     <span class='ocr_line' id='line_1_20' title="bbox 351 2433 1669 2571; baseline -0.002 -56"><span class='ocrx_word' id='word_1_198' title='bbox 351 2454 469 2571; x_wconf 78' lang='grc' dir='ltr'><strong><em>γαστρὶ</em></strong></span> <span class='ocrx_word' id='word_1_199' title='bbox 491 2452 546 2515; x_wconf 84' lang='grc' dir='ltr'><strong><em>καὶ</em></strong></span> <span class='ocrx_word' id='word_1_200' title='bbox 577 2452 656 2532; x_wconf 76' lang='grc' dir='ltr'><strong><em>τέξη</em></strong></span> <span class='ocrx_word' id='word_1_201' title='bbox 678 2441 767 2529; x_wconf 82' lang='grc' dir='ltr'><strong><em>υίόν,</em></strong></span> <span class='ocrx_word' id='word_1_202' title='bbox 799 2451 856 2515; x_wconf 82' lang='grc' dir='ltr'><strong><em>καί</em></strong></span> <span class='ocrx_word' id='word_1_203' title='bbox 881 2448 1031 2526; x_wconf 84' lang='grc' dir='ltr'><strong><em>καλέσεις</em></strong></span> <span class='ocrx_word' id='word_1_204' title='bbox 1057 2442 1098 2516; x_wconf 90' lang='grc' dir='ltr'><strong><em>τό</em></strong></span> <span class='ocrx_word' id='word_1_205' title='bbox 1126 2438 1235 2534; x_wconf 84' lang='grc' dir='ltr'><strong><em>ὄνομα</em></strong></span> <span class='ocrx_word' id='word_1_206' title='bbox 1260 2441 1368 2516; x_wconf 89' lang='grc' dir='ltr'><strong><em>αῦτοῦ</em></strong></span> <span class='ocrx_word' id='word_1_207' title='bbox 1388 2440 1523 2532; x_wconf 84' lang='grc' dir='ltr'><strong><em>Ἰησοῦν.</em></strong></span> <span class='ocrx_word' id='word_1_208' title='bbox 1563 2433 1669 2524; x_wconf 89' lang='grc' dir='ltr'><strong><em>οῦτος</em></strong></span> 
     </span>
     <span class='ocr_line' id='line_1_21' title="bbox 301 2536 1667 2634; baseline -0.002 -20.922"><span class='ocrx_word' id='word_1_209' title='bbox 301 2546 445 2615; x_wconf 82' lang='grc' dir='ltr'><strong><em>2οἔσται</em></strong></span> <span class='ocrx_word' id='word_1_210' title='bbox 466 2551 567 2633; x_wconf 82' lang='grc' dir='ltr'><strong><em>μέγας</em></strong></span> <span class='ocrx_word' id='word_1_211' title='bbox 588 2553 644 2616; x_wconf 83' lang='grc' dir='ltr'><strong><em>καὶ</em></strong></span> <span class='ocrx_word' id='word_1_212' title='bbox 666 2542 740 2626; x_wconf 81' lang='grc' dir='ltr'><strong><em>υίὸς</em></strong></span> <span class='ocrx_word' id='word_1_213' title='bbox 760 2539 908 2628; x_wconf 81' lang='grc' dir='ltr'><strong><em>ῦιμίστου</em></strong></span> <span class='ocrx_word' id='word_1_214' title='bbox 930 2541 1154 2634; x_wconf 90' lang='grc' dir='ltr'><strong><em>κληθήσεται,</em></strong></span> <span class='ocrx_word' id='word_1_215' title='bbox 1180 2552 1236 2615; x_wconf 84' lang='grc' dir='ltr'><strong><em>καὶ</em></strong></span> <span class='ocrx_word' id='word_1_216' title='bbox 1263 2544 1362 2616; x_wconf 90' lang='grc' dir='ltr'><strong><em>δοόσει</em></strong></span> <span class='ocrx_word' id='word_1_217' title='bbox 1388 2539 1483 2632; x_wconf 68' lang='lat'><em>0606</em></span> <span class='ocrx_word' id='word_1_218' title='bbox 1507 2540 1625 2630; x_wconf 90' lang='grc' dir='ltr'><strong><em>κῦριος</em></strong></span> <span class='ocrx_word' id='word_1_219' title='bbox 1648 2536 1667 2611; x_wconf 86' lang='lat'><strong><em>6</em></strong></span> 
     </span>
     <span class='ocr_line' id='line_1_22' title="bbox 353 2638 1668 2734; baseline -0.002 -21"><span class='ocrx_word' id='word_1_220' title='bbox 353 2642 434 2725; x_wconf 85' lang='grc' dir='ltr'><strong><em>θεὸς</em></strong></span> <span class='ocrx_word' id='word_1_221' title='bbox 455 2641 519 2715; x_wconf 89' lang='grc' dir='ltr'><strong><em>τόν</em></strong></span> <span class='ocrx_word' id='word_1_222' title='bbox 540 2640 673 2731; x_wconf 89' lang='grc' dir='ltr'><strong><em>θρόνον</em></strong></span> <span class='ocrx_word' id='word_1_223' title='bbox 696 2648 799 2714; x_wconf 80' lang='grc' dir='ltr'><strong><em>Δαυὶδ</em></strong></span> <span class='ocrx_word' id='word_1_224' title='bbox 823 2649 888 2715; x_wconf 90' lang='grc' dir='ltr'><strong><em>τοῦ</em></strong></span> <span class='ocrx_word' id='word_1_225' title='bbox 914 2642 1046 2734; x_wconf 87' lang='grc' dir='ltr'><strong><em>πατρὸς</em></strong></span> <span class='ocrx_word' id='word_1_226' title='bbox 1073 2640 1194 2729; x_wconf 88' lang='grc' dir='ltr'><strong><em>αῦτοῦ,</em></strong></span> <span class='ocrx_word' id='word_1_227' title='bbox 1224 2652 1281 2715; x_wconf 81' lang='grc' dir='ltr'><strong><em>καὶ</em></strong></span> <span class='ocrx_word' id='word_1_228' title='bbox 1310 2640 1497 2729; x_wconf 84' lang='grc' dir='ltr'><strong><em>βασιλεύσει</em></strong></span> <span class='ocrx_word' id='word_1_229' title='bbox 1523 2646 1579 2712; x_wconf 82' lang='grc' dir='ltr'><strong><em>ἐπὶ</em></strong></span> <span class='ocrx_word' id='word_1_230' title='bbox 1602 2638 1668 2712; x_wconf 86' lang='grc' dir='ltr'><strong><em>τόν</em></strong></span> 
     </span>
     <span class='ocr_line' id='line_1_23' title="bbox 353 2736 1668 2832; baseline -0.004 -19"><span class='ocrx_word' id='word_1_231' title='bbox 353 2743 450 2814; x_wconf 86' lang='grc' dir='ltr'><strong><em>οίκον</em></strong></span> <span class='ocrx_word' id='word_1_232' title='bbox 471 2738 587 2828; x_wconf 80' lang='grc' dir='ltr'><strong><em>Ἰακώβ</em></strong></span> <span class='ocrx_word' id='word_1_233' title='bbox 607 2748 654 2824; x_wconf 86' lang='grc' dir='ltr'><strong><em>είς</em></strong></span> <span class='ocrx_word' id='word_1_234' title='bbox 681 2742 760 2825; x_wconf 82' lang='grc' dir='ltr'><strong><em>τοῦς</em></strong></span> <span class='ocrx_word' id='word_1_235' title='bbox 792 2748 933 2825; x_wconf 83' lang='grc' dir='ltr'><strong><em>αίῶνας,</em></strong></span> <span class='ocrx_word' id='word_1_236' title='bbox 963 2751 1020 2814; x_wconf 83' lang='grc' dir='ltr'><strong><em>καὶ</em></strong></span> <span class='ocrx_word' id='word_1_237' title='bbox 1048 2749 1110 2832; x_wconf 83' lang='grc' dir='ltr'><strong><em>τῆς</em></strong></span> <span class='ocrx_word' id='word_1_238' title='bbox 1142 2753 1309 2829; x_wconf 88' lang='grc' dir='ltr'><strong><em>βασιλείας</em></strong></span> <span class='ocrx_word' id='word_1_239' title='bbox 1341 2740 1448 2814; x_wconf 86' lang='grc' dir='ltr'><strong><em>αῦτοῦ</em></strong></span> <span class='ocrx_word' id='word_1_240' title='bbox 1479 2736 1542 2814; x_wconf 88' lang='grc' dir='ltr'><strong><em>οῦκ</em></strong></span> <span class='ocrx_word' id='word_1_241' title='bbox 1571 2740 1668 2811; x_wconf 84' lang='grc' dir='ltr'><strong><em>ἔσται</em></strong></span> 
     </span>
     <span class='ocr_line' id='line_1_24' title="bbox 353 2835 1668 2932; baseline -0.002 -20"><span class='ocrx_word' id='word_1_242' title='bbox 353 2848 482 2925; x_wconf 75' lang='grc' dir='ltr'><strong><em>τέλοςι,</em></strong></span> <span class='ocrx_word' id='word_1_243' title='bbox 504 2839 588 2931; x_wconf 90' lang='grc' dir='ltr'><strong><em>μήτε</em></strong></span> <span class='ocrx_word' id='word_1_244' title='bbox 612 2840 738 2930; x_wconf 79' lang='grc' dir='ltr'><strong><em>Δανιὴλ</em></strong></span> <span class='ocrx_word' id='word_1_245' title='bbox 761 2847 824 2911; x_wconf 90' lang='grc' dir='ltr'><strong><em>τοῦ</em></strong></span> <span class='ocrx_word' id='word_1_246' title='bbox 845 2841 993 2930; x_wconf 82' lang='grc' dir='ltr'><strong><em>μεγάλου</em></strong></span> <span class='ocrx_word' id='word_1_247' title='bbox 1007 2842 1190 2932; x_wconf 78' lang='grc' dir='ltr'><strong><em>προφήτου</em></strong></span> <span class='ocrx_word' id='word_1_248' title='bbox 1211 2840 1274 2925; x_wconf 78' lang='grc' dir='ltr'><strong><em>τὰς</em></strong></span> <span class='ocrx_word' id='word_1_249' title='bbox 1289 2840 1410 2929; x_wconf 85' lang='grc' dir='ltr'><strong><em>φωνὰς</em></strong></span> <span class='ocrx_word' id='word_1_250' title='bbox 1424 2847 1556 2923; x_wconf 87' lang='grc' dir='ltr'><strong><em>συνιείς,</em></strong></span> <span class='ocrx_word' id='word_1_251' title='bbox 1579 2835 1668 2910; x_wconf 84' lang='grc' dir='ltr'><strong><em>αῦτὰ</em></strong></span> 
     </span>
     <span class='ocr_line' id='line_1_25' title="bbox 352 2934 1669 3032; baseline -0.002 -22"><span class='ocrx_word' id='word_1_252' title='bbox 352 2946 462 3011; x_wconf 92' lang='grc' dir='ltr'><strong><em>ταῦτα</em></strong></span> <span class='ocrx_word' id='word_1_253' title='bbox 483 2945 807 3029; x_wconf 79' lang='grc' dir='ltr'><strong><em>ἐπισφραγιζομένου</em></strong></span> <span class='ocrx_word' id='word_1_254' title='bbox 829 2939 875 3011; x_wconf 84' lang='grc' dir='ltr'><strong><em>δι’</em></strong></span> <span class='ocrx_word' id='word_1_255' title='bbox 898 2934 950 3014; x_wconf 70' lang='grc' dir='ltr'><strong><em>οῦν</em></strong></span> <span class='ocrx_word' id='word_1_256' title='bbox 972 2946 1008 3014; x_wconf 91' lang='grc' dir='ltr'><strong><em>ἐν</em></strong></span> <span class='ocrx_word' id='word_1_257' title='bbox 1031 2950 1117 3032; x_wconf 84' lang='grc' dir='ltr'><strong><em>θείῳ</em></strong></span> <span class='ocrx_word' id='word_1_258' title='bbox 1142 2941 1311 3032; x_wconf 80' lang='grc' dir='ltr'><strong><em>πνεύματι</em></strong></span> <span class='ocrx_word' id='word_1_259' title='bbox 1332 2941 1529 3029; x_wconf 84' lang='grc' dir='ltr'><strong><em>προεφιόνει</em></strong></span> <span class='ocrx_word' id='word_1_260' title='bbox 1553 2944 1669 3027; x_wconf 84' lang='grc' dir='ltr'><strong><em>λέγων</em></strong></span> 
     </span>
    </p>

    <p class='ocr_par' dir='ltr' id='par_1_5' title="bbox 301 3036 1726 3528">
     <span class='ocr_line' id='line_1_26' title="bbox 301 3036 1668 3163; baseline 0.001 -54"><span class='ocrx_word' id='word_1_261' title='bbox 301 3050 334 3105; x_wconf 81' lang='lat'><strong><em>25</em></strong></span> <span class='ocrx_word' id='word_1_262' title='bbox 355 3047 427 3110; x_wconf 78' lang='grc' dir='ltr'><strong><em>»καὶ</em></strong></span> <span class='ocrx_word' id='word_1_263' title='bbox 450 3041 524 3111; x_wconf 82' lang='grc' dir='ltr'><strong><em>ἰδοῦ</em></strong></span> <span class='ocrx_word' id='word_1_264' title='bbox 545 3039 629 3129; x_wconf 83' lang='grc' dir='ltr'><strong><em>μετὰ</em></strong></span> <span class='ocrx_word' id='word_1_265' title='bbox 652 3046 726 3110; x_wconf 81' lang='grc' dir='ltr'><strong><em>τῶν</em></strong></span> <span class='ocrx_word' id='word_1_266' title='bbox 747 3048 904 3129; x_wconf 82' lang='grc' dir='ltr'><strong><em>νεφελῶν</em></strong></span> <span class='ocrx_word' id='word_1_267' title='bbox 926 3047 989 3112; x_wconf 89' lang='grc' dir='ltr'><strong><em>τοῦ</em></strong></span> <span class='ocrx_word' id='word_1_268' title='bbox 1010 3038 1158 3163; x_wconf 70' lang='grc' dir='ltr'><strong><em>οῦρανοῦ</em></strong></span> <span class='ocrx_word' id='word_1_269' title='bbox 1180 3039 1253 3123; x_wconf 84' lang='grc' dir='ltr'><strong><em>υίὸς</em></strong></span> <span class='ocrx_word' id='word_1_270' title='bbox 1273 3038 1466 3129; x_wconf 78' lang='grc' dir='ltr'><strong><em>ἀνθρώπου</em></strong></span> <span class='ocrx_word' id='word_1_271' title='bbox 1486 3036 1668 3128; x_wconf 87' lang='grc' dir='ltr'><strong><em>ἐρχόμενος</em></strong></span> 
     </span>
     <span class='ocr_line' id='line_1_27' title="bbox 351 3130 1726 3230; baseline -0.001 -20"><span class='ocrx_word' id='word_1_272' title='bbox 351 3130 409 3228; x_wconf 87' lang='grc' dir='ltr'><strong><em>ήν,</em></strong></span> <span class='ocrx_word' id='word_1_273' title='bbox 439 3148 495 3211; x_wconf 85' lang='grc' dir='ltr'><strong><em>καὶ</em></strong></span> <span class='ocrx_word' id='word_1_274' title='bbox 527 3140 591 3223; x_wconf 78' lang='grc' dir='ltr'><strong><em>έοος</em></strong></span> <span class='ocrx_word' id='word_1_275' title='bbox 621 3146 684 3211; x_wconf 90' lang='grc' dir='ltr'><strong><em>τοῦ</em></strong></span> <span class='ocrx_word' id='word_1_276' title='bbox 713 3148 862 3213; x_wconf 80' lang='grc' dir='ltr'><strong><em>παλαιοῦ</em></strong></span> <span class='ocrx_word' id='word_1_277' title='bbox 892 3147 967 3210; x_wconf 78' lang='grc' dir='ltr'><strong><em>τῶν</em></strong></span> <span class='ocrx_word' id='word_1_278' title='bbox 993 3137 1045 3221; x_wconf 62' lang='grc' dir='ltr'><strong><em>Ι“</em></strong></span> <span class='ocrx_word' id='word_1_279' title='bbox 1026 3147 1162 3230; x_wconf 81' lang='grc' dir='ltr'><strong><em>ημερῶν</em></strong></span> <span class='ocrx_word' id='word_1_280' title='bbox 1188 3142 1349 3227; x_wconf 79' lang='grc' dir='ltr'><strong><em>ἔφθασεν</em></strong></span> <span class='ocrx_word' id='word_1_281' title='bbox 1384 3145 1440 3208; x_wconf 82' lang='grc' dir='ltr'><strong><em>καὶ</em></strong></span> <span class='ocrx_word' id='word_1_282' title='bbox 1472 3142 1668 3227; x_wconf 78' lang='grc' dir='ltr'><strong><em>ἔμπροσθεν</em></strong></span> <span class='ocrx_word' id='word_1_283' title='bbox 1685 3162 1726 3218; x_wconf 66' lang='grc' dir='ltr'><strong><em>ω</em></strong></span> 
     </span>
     <span class='ocr_line' id='line_1_28' title="bbox 353 3234 1719 3330; baseline -0.003 -19"><span class='ocrx_word' id='word_1_284' title='bbox 353 3236 458 3311; x_wconf 89' lang='grc' dir='ltr'><strong><em>αῦτοῦ</em></strong></span> <span class='ocrx_word' id='word_1_285' title='bbox 479 3246 706 3329; x_wconf 83' lang='grc' dir='ltr'><strong><em>προσηνέχθη.</em></strong></span> <span class='ocrx_word' id='word_1_286' title='bbox 747 3246 803 3311; x_wconf 80' lang='grc' dir='ltr'><strong><em>καὶ</em></strong></span> <span class='ocrx_word' id='word_1_287' title='bbox 824 3236 918 3328; x_wconf 73' lang='lat'><em>0616</em></span> <span class='ocrx_word' id='word_1_288' title='bbox 942 3238 1047 3327; x_wconf 80' lang='grc' dir='ltr'><strong><em>ἐδόθη</em></strong></span> <span class='ocrx_word' id='word_1_289' title='bbox 1074 3245 1089 3327; x_wconf 92' lang='grc'>&lt;</span> <span class='ocrx_word' id='word_1_290' title='bbox 1091 3236 1171 3329; x_wconf 80' lang='lat'><strong><em>6&gt;</em></strong></span> <span class='ocrx_word' id='word_1_291' title='bbox 1091 3240 1233 3330; x_wconf 84' lang='grc' dir='ltr'><strong><em>ηαργὴ</em></strong></span> <span class='ocrx_word' id='word_1_292' title='bbox 1254 3234 1358 3311; x_wconf 85' lang='grc' dir='ltr'><strong><em>καὶ</em></strong></span> <span class='ocrx_word' id='word_1_293' title='bbox 1338 3269 1358 3328; x_wconf 96' lang='grc' dir='ltr'><strong><em>η</em></strong></span> <span class='ocrx_word' id='word_1_294' title='bbox 1385 3237 1464 3328; x_wconf 87' lang='grc' dir='ltr'><strong><em>τιμή</em></strong></span> <span class='ocrx_word' id='word_1_295' title='bbox 1486 3234 1585 3308; x_wconf 78' lang='grc' dir='ltr'><strong><em>καί</em></strong></span> <span class='ocrx_word' id='word_1_296' title='bbox 1565 3268 1585 3327; x_wconf 92' lang='grc' dir='ltr'><strong><em>η</em></strong></span> <span class='ocrx_word' id='word_1_297' title='bbox 1608 3244 1666 3321; x_wconf 86' lang='grc' dir='ltr'><strong><em>βα·</em></strong></span> <span class='ocrx_word' id='word_1_298' title='bbox 1702 3267 1719 3319; x_wconf 79' lang='lat'><strong>5</strong></span> 
     </span>
     <span class='ocr_line' id='line_1_29' title="bbox 352 3331 1666 3430; baseline 0 -22"><span class='ocrx_word' id='word_1_299' title='bbox 352 3346 471 3421; x_wconf 88' lang='grc' dir='ltr'><strong><em>σιλεία,</em></strong></span> <span class='ocrx_word' id='word_1_300' title='bbox 503 3345 558 3408; x_wconf 86' lang='grc' dir='ltr'><strong><em>καὶ</em></strong></span> <span class='ocrx_word' id='word_1_301' title='bbox 588 3336 716 3422; x_wconf 83' lang='grc' dir='ltr'><strong><em>πάντες</em></strong></span> <span class='ocrx_word' id='word_1_302' title='bbox 744 3343 777 3412; x_wconf 87' lang='grc' dir='ltr'><strong><em>οί</em></strong></span> <span class='ocrx_word' id='word_1_303' title='bbox 800 3347 892 3424; x_wconf 91' lang='grc' dir='ltr'><strong><em>λαοί,</em></strong></span> <span class='ocrx_word' id='word_1_304' title='bbox 923 3346 1040 3427; x_wconf 85' lang='grc' dir='ltr'><strong><em>φυλαί,</em></strong></span> <span class='ocrx_word' id='word_1_305' title='bbox 1070 3346 1218 3428; x_wconf 82' lang='grc' dir='ltr'><strong><em>γλῶσσαι</em></strong></span> <span class='ocrx_word' id='word_1_306' title='bbox 1239 3336 1333 3430; x_wconf 83' lang='grc' dir='ltr'><strong><em>αῦτῷ</em></strong></span> <span class='ocrx_word' id='word_1_307' title='bbox 1356 3335 1607 3411; x_wconf 78' lang='grc' dir='ltr'><strong><em>δουλεύσουσιν·</em></strong></span> <span class='ocrx_word' id='word_1_308' title='bbox 1645 3331 1666 3425; x_wconf 85' lang='lat'><strong><em>6</em></strong></span> 
     </span>
     <span class='ocr_line' id='line_1_30' title="bbox 352 3434 1666 3560; baseline -0.002 -51.961"><span class='ocrx_word' id='word_1_309' title='bbox 352 3443 483 3560; x_wconf 54' lang='grc' dir='ltr'><strong><em>ἐξουσία</em></strong></span> <span class='ocrx_word' id='word_1_310' title='bbox 505 3434 612 3510; x_wconf 84' lang='grc' dir='ltr'><strong><em>αῦτοῦ</em></strong></span> <span class='ocrx_word' id='word_1_311' title='bbox 633 3444 764 3525; x_wconf 76' lang='grc' dir='ltr'><strong><em>ἐξουσία</em></strong></span> <span class='ocrx_word' id='word_1_312' title='bbox 787 3436 972 3522; x_wconf 73' lang='grc' dir='ltr'><strong><em>αἰωνιοςέ</em></strong></span> <span class='ocrx_word' id='word_1_313' title='bbox 951 3468 1025 3529; x_wconf 90' lang='grc' dir='ltr'><strong><em>ητις</em></strong></span> <span class='ocrx_word' id='word_1_314' title='bbox 1047 3435 1088 3509; x_wconf 87' lang='grc' dir='ltr'><strong><em>οῦ</em></strong></span> <span class='ocrx_word' id='word_1_315' title='bbox 1113 3438 1365 3528; x_wconf 85' lang='grc' dir='ltr'><strong><em>παρελεῦσεται,</em></strong></span> <span class='ocrx_word' id='word_1_316' title='bbox 1392 3434 1492 3526; x_wconf 78' lang='grc' dir='ltr'><strong><em>καλή</em></strong></span> <span class='ocrx_word' id='word_1_317' title='bbox 1514 3443 1666 3519; x_wconf 84' lang='grc' dir='ltr'><strong><em>βασιλεία</em></strong></span> 
     </span>
    </p>

    <p class='ocr_par' dir='ltr' id='par_1_6' title="bbox 301 3534 1719 4025">
     <span class='ocr_line' id='line_1_31' title="bbox 301 3534 1668 3627; baseline 0.003 -24"><span class='ocrx_word' id='word_1_318' title='bbox 301 3548 335 3603; x_wconf 83' lang='grc'><strong><em>30</em></strong></span> <span class='ocrx_word' id='word_1_319' title='bbox 352 3534 457 3608; x_wconf 80' lang='grc' dir='ltr'><strong><em>αὐτοῦ</em></strong></span> <span class='ocrx_word' id='word_1_320' title='bbox 480 3534 520 3608; x_wconf 88' lang='grc' dir='ltr'><strong><em>οῦ</em></strong></span> <span class='ocrx_word' id='word_1_321' title='bbox 542 3536 840 3627; x_wconf 76' lang='grc' dir='ltr'><strong><em>διαφθαρήσεταιι.</em></strong></span> <span class='ocrx_word' id='word_1_322' title='bbox 877 3535 952 3611; x_wconf 78' lang='grc' dir='ltr'><strong><em>ἀλλ’</em></strong></span> <span class='ocrx_word' id='word_1_323' title='bbox 973 3535 1051 3610; x_wconf 74' lang='grc' dir='ltr'><strong><em>οῦδὲ</em></strong></span> <span class='ocrx_word' id='word_1_324' title='bbox 1065 3534 1196 3622; x_wconf 77' lang='grc' dir='ltr'><strong><em>Ἠσαίας</em></strong></span> <span class='ocrx_word' id='word_1_325' title='bbox 1217 3535 1324 3610; x_wconf 81' lang='grc' dir='ltr'><strong><em>αὐτόν</em></strong></span> <span class='ocrx_word' id='word_1_326' title='bbox 1347 3541 1489 3621; x_wconf 76' lang='grc' dir='ltr'><strong><em>ἔπεισεν,</em></strong></span> <span class='ocrx_word' id='word_1_327' title='bbox 1511 3540 1648 3624; x_wconf 79' lang='grc' dir='ltr'><strong><em>περὶ</em></strong></span> <span class='ocrx_word' id='word_1_328' title='bbox 1604 3564 1668 3623; x_wconf 89' lang='grc' dir='ltr'><strong><em>της</em></strong></span> 
     </span>
     <span class='ocr_line' id='line_1_32' title="bbox 353 3630 1668 3726; baseline -0.003 -19"><span class='ocrx_word' id='word_1_329' title='bbox 353 3632 581 3726; x_wconf 77' lang='grc' dir='ltr'><strong><em>ἀτελευτήτου</em></strong></span> <span class='ocrx_word' id='word_1_330' title='bbox 602 3645 771 3721; x_wconf 89' lang='grc' dir='ltr'><strong><em>βασιλείας</em></strong></span> <span class='ocrx_word' id='word_1_331' title='bbox 791 3644 854 3708; x_wconf 93' lang='grc' dir='ltr'><strong><em>τοῦ</em></strong></span> <span class='ocrx_word' id='word_1_332' title='bbox 880 3641 956 3710; x_wconf 87' lang='grc' dir='ltr'><strong><em>υίοῦ</em></strong></span> <span class='ocrx_word' id='word_1_333' title='bbox 983 3645 1045 3709; x_wconf 90' lang='grc' dir='ltr'><strong><em>τοῦ</em></strong></span> <span class='ocrx_word' id='word_1_334' title='bbox 1071 3634 1261 3726; x_wconf 81' lang='grc' dir='ltr'><strong><em>ἇνθροόπου</em></strong></span> <span class='ocrx_word' id='word_1_335' title='bbox 1293 3630 1359 3708; x_wconf 66' lang='grc' dir='ltr'><strong><em>οἶδε</em></strong></span> <span class='ocrx_word' id='word_1_336' title='bbox 1388 3644 1445 3709; x_wconf 84' lang='grc' dir='ltr'><strong><em>καὶ</em></strong></span> <span class='ocrx_word' id='word_1_337' title='bbox 1475 3631 1581 3717; x_wconf 86' lang='grc' dir='ltr'><strong><em>αῦτός</em></strong></span> <span class='ocrx_word' id='word_1_338' title='bbox 1611 3643 1668 3704; x_wconf 84' lang='grc' dir='ltr'><strong><em>θε-</em></strong></span> 
     </span>
     <span class='ocr_line' id='line_1_33' title="bbox 352 3725 1719 3826; baseline 0.001 -21"><span class='ocrx_word' id='word_1_339' title='bbox 352 3744 484 3822; x_wconf 80' lang='grc' dir='ltr'><strong><em>σπίζοον</em></strong></span> <span class='ocrx_word' id='word_1_340' title='bbox 508 3730 581 3808; x_wconf 76' lang='grc' dir='ltr'><strong><em>»ότι</em></strong></span> <span class='ocrx_word' id='word_1_341' title='bbox 603 3742 741 3808; x_wconf 88' lang='grc' dir='ltr'><strong><em>παιδίον</em></strong></span> <span class='ocrx_word' id='word_1_342' title='bbox 762 3733 930 3826; x_wconf 87' lang='grc' dir='ltr'><strong><em>ἐγεννήθη</em></strong></span> <span class='ocrx_word' id='word_1_343' title='bbox 954 3732 1042 3826; x_wconf 80' lang='grc' dir='ltr'><strong><em>ἡμῖν,</em></strong></span> <span class='ocrx_word' id='word_1_344' title='bbox 1064 3735 1137 3819; x_wconf 81' lang='grc' dir='ltr'><strong><em>υίὸς</em></strong></span> <span class='ocrx_word' id='word_1_345' title='bbox 1158 3746 1213 3808; x_wconf 84' lang='grc' dir='ltr'><strong><em>καὶ</em></strong></span> <span class='ocrx_word' id='word_1_346' title='bbox 1234 3733 1340 3826; x_wconf 90' lang='grc' dir='ltr'><strong><em>ἐδόθη</em></strong></span> <span class='ocrx_word' id='word_1_347' title='bbox 1364 3731 1451 3825; x_wconf 80' lang='grc' dir='ltr'><strong><em>ήμίν,</em></strong></span> <span class='ocrx_word' id='word_1_348' title='bbox 1476 3725 1518 3807; x_wconf 87' lang='lat'><strong><em>06</em></strong></span> <span class='ocrx_word' id='word_1_349' title='bbox 1539 3731 1560 3823; x_wconf 87' lang='lat'><strong><em>6</em></strong></span> <span class='ocrx_word' id='word_1_350' title='bbox 1581 3730 1667 3821; x_wconf 83' lang='grc' dir='ltr'><strong><em>ἇρχὴ</em></strong></span> <span class='ocrx_word' id='word_1_351' title='bbox 1702 3754 1719 3806; x_wconf 86' lang='grc'><strong>6</strong></span> 
     </span>
     <span class='ocr_line' id='line_1_34' title="bbox 353 3828 1668 3926; baseline -0.003 -21"><span class='ocrx_word' id='word_1_352' title='bbox 353 3839 408 3905; x_wconf 85' lang='grc' dir='ltr'><strong><em>ἐπὶ</em></strong></span> <span class='ocrx_word' id='word_1_353' title='bbox 430 3842 494 3907; x_wconf 88' lang='grc' dir='ltr'><strong><em>τοῦ</em></strong></span> <span class='ocrx_word' id='word_1_354' title='bbox 516 3832 613 3926; x_wconf 80' lang='grc' dir='ltr'><strong><em>ὤμου</em></strong></span> <span class='ocrx_word' id='word_1_355' title='bbox 633 3833 838 3920; x_wconf 73' lang='grc' dir='ltr'><strong><em>αὐτοῦκαὶ</em></strong></span> <span class='ocrx_word' id='word_1_356' title='bbox 865 3848 1018 3907; x_wconf 81' lang='grc' dir='ltr'><strong><em>καλεῖται</em></strong></span> <span class='ocrx_word' id='word_1_357' title='bbox 1044 3832 1086 3906; x_wconf 88' lang='grc' dir='ltr'><strong><em>τό</em></strong></span> <span class='ocrx_word' id='word_1_358' title='bbox 1113 3828 1222 3924; x_wconf 82' lang='grc' dir='ltr'><strong><em>ὄνομα</em></strong></span> <span class='ocrx_word' id='word_1_359' title='bbox 1244 3832 1350 3907; x_wconf 88' lang='grc' dir='ltr'><strong><em>αῦτοῦ</em></strong></span> <span class='ocrx_word' id='word_1_360' title='bbox 1371 3832 1520 3924; x_wconf 78' lang='grc' dir='ltr'><strong><em>μεγάλης</em></strong></span> <span class='ocrx_word' id='word_1_361' title='bbox 1541 3838 1668 3921; x_wconf 82' lang='grc' dir='ltr'><strong><em>βουλῆς</em></strong></span> 
     </span>
     <span class='ocr_line' id='line_1_35' title="bbox 353 3931 1669 4025; baseline -0.002 -21"><span class='ocrx_word' id='word_1_362' title='bbox 353 3934 507 4023; x_wconf 83' lang='grc' dir='ltr'><strong><em>ἄγγελος,</em></strong></span> <span class='ocrx_word' id='word_1_363' title='bbox 546 3935 741 4025; x_wconf 84' lang='grc' dir='ltr'><strong><em>θαυμαστὸς</em></strong></span> <span class='ocrx_word' id='word_1_364' title='bbox 772 3933 974 4023; x_wconf 78' lang='grc' dir='ltr'><strong><em>σύμβουλος,</em></strong></span> <span class='ocrx_word' id='word_1_365' title='bbox 1006 3934 1088 4018; x_wconf 84' lang='grc' dir='ltr'><strong><em>θεὸς</em></strong></span> <span class='ocrx_word' id='word_1_366' title='bbox 1119 3934 1252 4025; x_wconf 81' lang='grc' dir='ltr'><strong><em>ἰσχυρὸς</em></strong></span> <span class='ocrx_word' id='word_1_367' title='bbox 1281 3931 1513 4023; x_wconf 74' lang='grc' dir='ltr'><strong><em>ἐξουσιαστής,</em></strong></span> <span class='ocrx_word' id='word_1_368' title='bbox 1550 3931 1669 4021; x_wconf 78' lang='grc' dir='ltr'><strong><em>ἄρχων</em></strong></span> 
     </span>
    </p>
   </div>
   <div class='ocr_carea' id='block_1_3' title="bbox 352 4253 1667 4423">
    <p class='ocr_par' dir='ltr' id='par_1_7' title="bbox 352 4253 1667 4414">
     <span class='ocr_line' id='line_1_36' title="bbox 352 4253 1667 4323; baseline 0.001 -15"><span class='ocrx_word' id='word_1_369' title='bbox 352 4256 925 4321; x_wconf 72' lang='grc' dir='ltr'><strong><em>Νι..102103108ιι..,..-861311οὸ</em></strong></span> <span class='ocrx_word' id='word_1_370' title='bbox 946 4253 1667 4323; x_wconf 66' lang='grc' dir='ltr'><strong><em>1711σαπε-181111,31-33-25ναα</em></strong></span> 
     </span>
     <span class='ocr_line' id='line_1_37' title="bbox 353 4352 840 4423; baseline 0.01 -14"><span class='ocrx_word' id='word_1_371' title='bbox 353 4352 589 4421; x_wconf 81' lang='grc'><strong><em>7,.13146-</em></strong></span> <span class='ocrx_word' id='word_1_372' title='bbox 608 4358 840 4423; x_wconf 67' lang='grc' dir='ltr'><strong><em>89]θε9,.67</em></strong></span> 
     </span>
    </p>
   </div>
   <div class='ocr_carea' id='block_1_4' title="bbox 353 4551 1668 4731">
    <p class='ocr_par' dir='ltr' id='par_1_8' title="bbox 353 4551 1668 4731">
     <span class='ocr_line' id='line_1_38' title="bbox 437 4551 1668 4627; baseline -0.001 -15"><span class='ocrx_word' id='word_1_373' title='bbox 437 4556 1046 4626; x_wconf 58' lang='lat' dir='ltr'><em>8n1006951661006v206w1</em></span> <span class='ocrx_word' id='word_1_374' title='bbox 1075 4551 1566 4627; x_wconf 60' lang='lat'><em>146061111276&#39;1411100116</em></span> <span class='ocrx_word' id='word_1_375' title='bbox 1595 4559 1599 4623; x_wconf 80' lang='grc' dir='ltr'>Ι</span> <span class='ocrx_word' id='word_1_376' title='bbox 1628 4555 1668 4611; x_wconf 78' lang='lat'><strong><em>80</em></strong></span> 
     </span>
     <span class='ocr_line' id='line_1_39' title="bbox 353 4651 1037 4731; baseline -0.006 -16"><span class='ocrx_word' id='word_1_377' title='bbox 353 4652 442 4715; x_wconf 76' lang='grc' dir='ltr'><strong><em>αἰτόν</em></strong></span> <span class='ocrx_word' id='word_1_378' title='bbox 460 4676 487 4710; x_wconf 91' lang='lat' dir='ltr'><strong>m</strong></span> <span class='ocrx_word' id='word_1_379' title='bbox 506 4651 621 4714; x_wconf 73' lang='grc' dir='ltr'><strong><em>αῦτδ1τ</em></strong></span> <span class='ocrx_word' id='word_1_380' title='bbox 647 4660 652 4726; x_wconf 94' lang='grc' dir='ltr'>Ι</span> <span class='ocrx_word' id='word_1_381' title='bbox 679 4658 717 4714; x_wconf 85' lang='grc'><strong><em>91</em></strong></span> <span class='ocrx_word' id='word_1_382' title='bbox 737 4654 902 4731; x_wconf 69' lang='grc' dir='ltr'><strong><em>ἀνθρώπου]</em></strong></span> <span class='ocrx_word' id='word_1_383' title='bbox 920 4662 992 4714; x_wconf 77' lang='grc' dir='ltr'><strong><em>θεοῦ</em></strong></span> <span class='ocrx_word' id='word_1_384' title='bbox 987 4677 1037 4711; x_wconf 91' lang='lat' dir='ltr'><strong>m</strong></span> 
     </span>
    </p>
   </div>
   <div class='ocr_carea' id='block_1_5' title="bbox 438 4153 1667 4225">
    <p class='ocr_par' dir='ltr' id='par_1_9' title="bbox 438 4080 1858 4391">
     <span class='ocr_line' id='line_1_40' title="bbox 438 4153 1667 4225; baseline -0.004 -15"><span class='ocrx_word' id='word_1_385' title='bbox 438 4155 1044 4225; x_wconf 75' lang='lat' dir='ltr'><em>4tvglNr3744u861ff526ff</em></span> <span class='ocrx_word' id='word_1_386' title='bbox 1072 4157 1113 4221; x_wconf 81' lang='lat'><strong><em>56</em></strong></span> <span class='ocrx_word' id='word_1_387' title='bbox 1135 4156 1252 4211; x_wconf 75' lang='lat' dir='ltr'><strong><em>20ff</em></strong></span> <span class='ocrx_word' id='word_1_388' title='bbox 1280 4153 1667 4222; x_wconf 37' lang='grc' dir='ltr'><strong><em>θΚοΙΗῙῙῦ-θῐνςί.</em></strong></span> 
     </span>
    </p>
   </div>
   <div class='ocr_carea' id='block_1_6' title="bbox 0 0 1877 5508">
    <p class='ocr_par' dir='ltr' id='par_1_10' title="bbox 0 0 1877 5508">
     <span class='ocr_line' id='line_1_41' title="bbox 0 0 1877 5508; baseline 0 0"><span class='ocrx_word' id='word_1_389' title='bbox 0 0 1877 5508; x_wconf 95' lang='lat' dir='ltr'><strong><em> </em></strong></span> 
     </span>
    </p>
   </div>
  </div>
 </body>
</html>
