3674 5506
671 472 722 527 Die
738 472 903 543 Fragmenta
921 471 1055 527 Marcella.
1455 480 1515 541 215

209 632 253 693 ότι
281 635 318 705 ἦν
344 655 427 693 ποτε
454 633 511 695 ότε
538 636 599 695 ούκ
625 636 663 709 ἢν
689 638 782 704 λέγειν
808 644 934 710 τολμῶσι
959 642 1008 695 καί
1028 640 1155 708 κτίσμα
1179 637 1283 696 αύτόν
1304 642 1362 695 καί
1384 641 1516 710 ποίημα

209 716 312 787 εἶναι,
339 723 510 795 διορίζοντες
517 720 619 781 ,αύτὸν
642 721 700 780 ἀπό
717 732 769 780 τοῦ
786 724 901 797 πατρός.
936 725 1003 791 τούς
1020 718 1070 780 οὖν
1087 732 1178 780 ταῦτα
1195 723 1332 793 λέγοντας
1349 721 1517 794 ἀλλοτρίους

209 814 260 875 τῆς
275 810 432 874 καθολικῆς
449 803 598 877 ἐκκλησίας
615 801 688 864 εἶναι
705 808 900 878 πεπίστευμαι.

294 890 417 947 πιστεύω
434 891 464 947 δέ
482 886 623 960 ἑπόμενος
639 901 702 958 ταῖς
718 894 811 958 θείαις
828 901 953 965 γραφαῖς
965 890 1009 950 ότι
1021 886 1062 960 είς
1073 892 1142 959 θεός
1152 896 1202 950 καί
1214 890 1230 948 ό
1242 892 1346 949 τούτου
1357 895 1517 964 μονογενὴς

173 978 191 1029 ὗ
209 974 269 1041 υίὸς
287 975 382 1046 λόγος,
400 972 417 1029 δ
435 972 481 1032 άεί
499 974 686 1049 συνυπάρχων
703 983 743 1047 τῷ
761 979 850 1047 πατρί
865 980 915 1033 καί
931 973 1120 1047 μηδεπώποτε
1132 974 1221 1050 ἀρχὴν
1233 986 1284 1032 τοῖ·
1297 969 1370 1032 εἶναι
1381 973 1515 1047 ἐσχηκώς,

209 1058 324 1130 άληθῶς
335 1056 367 1115 ἐκ
379 1066 430 1115 τοῦ
442 1063 512 1117 θεοῦ
522 1055 665 1131 ύπάρχων,
676 1058 710 1117 ού
718 1062 851 1129 κτισθείς,
861 1061 896 1118 ού
904 1063 1041 1131 ποιηθείς,
1051 1059 1123 1118 ἀλλά
1133 1058 1178 1117 ἀεί
1188 1056 1238 1128 ὤν,
1248 1058 1293 1117 ἀεί
1303 1060 1517 1133 συμβασιλεύων

212 1151 266 1217 »τῷ
284 1146 344 1217 θεῷ
360 1146 410 1199 καί
427 1145 537 1213 πατρία,
556 1136 590 1199 ού
611 1151 674 1213 »τῆς
690 1147 849 1216 βασιλείαςι
869 1147 942 1204 κατά
960 1150 1010 1215 τὴν
1027 1156 1079 1203 τοῦ
1096 1143 1258 1202 ἀποστόλου
1274 1146 1434 1219 μαρτυρίαν
1448 1144 1516 1202 »ούκ

209 1223 288 1284 ἔσται
310 1228 414 1294 τέλοςι.
451 1221 534 1295 οὗτος
556 1225 627 1295 υἱός,
656 1222 739 1297 ούτος
759 1229 888 1300 δύναμις,
914 1223 999 1296 ούτος
1021 1232 1115 1301 σοφία.
1152 1222 1237 1295 οὗτος
1254 1226 1324 1295 ίδιος
1340 1233 1390 1286 καί
1408 1227 1516 1300 ἀληθὴς

208 1322 260 1369 τοῦ
277 1317 348 1369 θεοῦ
364 1312 463 1383 λόγος,
482 1310 499 1368 ό
516 1312 614 1385 κύριος
631 1314 712 1384 ἡμῶν
729 1309 832 1384 Ἰησοῦς
849 1316 984 1385 Χριστός,
1003 1313 1162 1388 ἀδιαίρετος
1179 1313 1296 1381 δύναμις
1312 1322 1363 1370 τοῦ
1381 1317 1464 1379 θεοῦ,
1482 1308 1517 1370 δι’

157 1402 192 1452 10
209 1390 245 1453 ού
262 1396 318 1467 [τά]
337 1396 431 1453 πάντα
447 1397 484 1454 τά
501 1397 642 1468 γενόμενα
661 1397 762 1469 γέγονε
778 1398 880 1466 καθὼς
896 1398 929 1456 τό
949 1398 1123 1471 Εύαγγέλιον
1134 1397 1370 1471 μαρτνρεῖλέγον
1385 1395 1430 1455 »ἐν
1443 1397 1516 1471 ἀρχῇ

210 1481 244 1551 ἠν
261 1481 278 1536 δ
296 1483 390 1552 λόγος,
406 1484 456 1537 καί
474 1478 490 1536 ό
508 1482 595 1553 λόγος
612 1480 645 1552 ἦν
663 1484 735 1557 πρὸς
752 1483 803 1539 τόν
821 1486 899 1549 θεόν,
917 1488 966 1540 καί
983 1487 1052 1549 θεὸς
1071 1483 1104 1554 ίγν
1122 1482 1138 1537 ό
1151 1482 1245 1553 λόγος.
1278 1482 1371 1540 πάντα
1383 1479 1418 1538 δι’
1429 1481 1516 1539 αύτού

208 1564 333 1637 ἐγένετο,
360 1568 409 1622 καί
433 1568 521 1639 χωρίς
547 1563 634 1622 αύτοῦ
656 1564 769 1639 ἐγένετο
792 1567 856 1626 om
878 1564 933 1625 ένκ,
974 1562 1058 1635 ούτός
1079 1566 1154 1625 ἐστιν
1177 1565 1194 1622 ό
1215 1569 1302 1638 λόγος
1323 1570 1391 1639 περί
1413 1560 1447 1622 ού
1468 1571 1517 1623 καί

210 1657 322 1716 Λουκᾶς
343 1648 360 1705 ύ
382 1647 580 1721 εύαγγελιστίγς
604 1661 747 1726 μαρτυρεῖ
769 1651 860 1725 λέγων
890 1651 1005 1719 »καθὼς
1026 1652 1194 1725 παρέδωκαν
1218 1654 1283 1722 ημῖν
1305 1649 1334 1708 σί
1356 1646 1404 1708 ἀπ’
1427 1649 1517 1723 ἀρχῆς

209 1735 349 1791 αι’·τόιιται
374 1736 424 1791 καί
445 1732 582 1808 ὑπηρέται
608 1737 760 1807 γενόμενοι
782 1747 831 1794 τοῦ
852 1737 964 1808 λόγονι.
1000 1741 1066 1809 περί
1087 1737 1190 1793 τούτου
1210 1739 1258 1792 καί
1278 1736 1365 1791 Δαυίδ
1386 1731 1439 1807 ἔφη
1460 1733 1515 1803 νέξ·

158 1823 191 1874 15
210 1819 348 1890 ηρεύξατο
367 1821 383 1889 η
400 1821 503 1892 καρδία
520 1840 577 1889 μου
593 1822 681 1892 λόγον
700 1820 838 1893 ἀγαθόνι.
869 1817 944 1879 ούτω
960 1826 1010 1879 καί
1027 1821 1043 1878 ό
1060 1821 1158 1893 κύριος
1177 1823 1256 1890 ἡμῶν
1274 1814 1380 1890 Ἰησοῦς
1392 1820 1517 1893 Χριστός

210 1907 284 1973 ίγμᾶς
307 1902 429 1961 διδάσκει
451 1903 497 1961 διὰ
515 1914 565 1961 τοῦ
583 1903 759 1977 Είιαγγελίου
776 1905 867 1978 λέγων
887 1904 960 1978 »ἐγὼ
978 1904 1010 1963 ἐκ
1032 1916 1082 1962 τοτ’·
1100 1906 1210 1977 πατρός
1227 1903 1348 1975 ἐξῆλθον
1365 1907 1414 1960 καί
1431 1903 1517 1974 ἥκων.

210 1981 294 2055 ούτος
318 1982 376 2045 »ἐπ’
400 1985 525 2059 ἐσχάτων
547 1994 605 2045 τῶν
628 1992 755 2062 λμερῶνι
780 1989 930 2048 κατελθὼν
952 1990 996 2048 διά
1019 1996 1070 2061 τίγν
1093 1991 1234 2063 ἡμετέραν
1256 1991 1397 2061 σωτηρίαν
1418 1991 1468 2044 καί
1485 1985 1517 2045 ἐκ

209 2080 259 2141 τῆς
276 2074 424 2147 παρθένου
440 2074 556 2146 Μαρίας
573 2077 719 2145 γεννηθείς
736 2074 787 2131 τόν
804 2072 960 2148 ἄνθρωπον
978 2070 1070 2149 ἔλαβε.

295 2157 417 2215 πιστεύω
435 2150 486 2214 ούν
503 2154 544 2223 εἰς
560 2156 633 2214 θεόν
650 2159 882 2233 παντοκράτορα·
900 2164 949 2217 καί
967 2160 1008 2226 εἰς
1019 2160 1144 2231 Χριστόν
1158 2154 1264 2230 Ἰησοῦν
1281 2158 1331 2215 τόν
1350 2156 1411 2213 υίόν
1429 2155 1517 2213 αὐτοῦ

158 2240 194 2294 20
209 2244 260 2299 τὸν
277 2249 429 2313 μονογενῆ,
447 2243 498 2298 τόν
515 2241 616 2313 κύριον
635 2245 722 2314 ἡμῶν,
740 2245 791 2301 τόν
809 2244 984 2316 γεννηθέντα
1002 2243 1034 2302 ἐκ
1053 2244 1215 2315 πνεύματος
1232 2242 1316 2316 άγίου
1333 2246 1382 2300 καὶ
1401 2243 1517 2312 Μαρίας

209 2334 258 2395 τῆς
280 2325 438 2397 παρθένου,
464 2325 516 2382 τὸν
537 2324 584 2383 ἐπί
602 2329 726 2384 Ποντίου
746 2329 869 2386 Πιλάτου
891 2330 1093 2402 σταυρωθέντα
1110 2332 1158 2385 καί
1176 2328 1302 2397 ταφέντα
1320 2331 1368 2385 καί
1386 2334 1420 2398 τῇ
1437 2328 1517 2397 τρίτη

211 2408 301 2485 ἡμέρᾳ
320 2409 483 2467 ἀναστάντα
502 2408 534 2467 ἐκ
551 2417 608 2467 τῶν
627 2419 746 2485 νεκρῶν,
771 2411 916 2486 ἀναβάντα
936 2412 975 2479 είς
991 2413 1058 2480 τούς
1076 2412 1217 2485 ούρανούς
1232 2415 1282 2468 καί
1299 2415 1466 2481 καθήμενον
1485 2408 1516 2467 ἐν

210 2497 286 2569 δεξιᾷ
313 2503 363 2551 τοῦ
385 2496 505 2568 πατρός,
532 2491 603 2551 ίίθεν
625 2490 736 2566 ἔρχεται
757 2499 863 2571 κρίνειν
886 2502 993 2567 ζῶντας
1013 2501 1063 2554 καί
1085 2496 1213 2570 νεκρούς·
1243 2499 1293 2552 καί
1314 2495 1354 2563 είς
1376 2496 1410 2552 τό
1432 2491 1516 2567 άγιον

209 2588 329 2648 πνεῖ-μα,
347 2575 433 2650 ἁγίαν
449 2578 607 2649 ἐκκλησίαν,
625 2575 727 2651 ἀφεσιν
745 2577 900 2654 ἁμαρτιῶν,
919 2583 1024 2652 σαρκός
1042 2580 1204 2645 ἀνάστασιν,
1223 2582 1298 2649 ζωίγν
1316 2577 1442 2637 αίάινιον.

158 2663 193 2717 25
294 2660 457 2733 ἀδιαίρετον
480 2657 553 2721 εἶναι
571 2668 622 2733 τὴν
639 2666 763 2734 θεότητα
781 2676 831 2721 τοῦ
849 2667 957 2739 πατρός
973 2670 1022 2723 καί
1040 2676 1092 2723 τοῦ
1109 2663 1171 2721 νίοῦ
1190 2664 1269 2735 παρά
1286 2672 1344 2720 τῶν
1361 2666 1450 2720 θείων
1467 2683 1514 2732 με·

209 2750 383 2817 μαθὴκαμεν
399 2754 527 2820 γραφῶν.
558 2747 585 2805 εί
601 2747 656 2819 γάρ
674 2768 716 2815 τις
733 2752 847 2820 χωρίζει
864 2750 914 2806 τόν
932 2748 1002 2815 υίόι·,
1020 2749 1146 2806 τουτέστι
1163 2749 1214 2805 τόν
1232 2750 1327 2819 λόγον,
1345 2758 1396 2804 τοῦ
1413 2766 1515 2804 παντο·

209 2830 353 2903 κράτορος
374 2837 457 2899 θεοῦ,
484 2829 594 2903 ἀνάγκη
619 2831 705 2888 αὐτόν
728 2833 744 2903 ἢ
767 2833 816 2890 δύο
838 2835 925 2901 θεούς
947 2828 1020 2892 εἶναι
1042 2837 1167 2904 νομίζειν
1189 2838 1196 2885 ί
1201 2830 1272 2905 ὅπερ
1294 2830 1446 2903 ἀλλότριον
1469 2837 1517 2899 τῆς

210 2918 291 2981 θείας
312 2917 492 2983 διδασκαλίας
513 2911 586 2972 εἶναι
608 2918 782 2986 νενόμισται)
805 2917 821 2986 ἢ
844 2920 894 2974 τόν
916 2921 1004 2991 λόγον
1026 2923 1065 2989 μὴ
1084 2914 1157 2976 εἶναι
1174 2918 1245 2975 θεόν
1263 2916 1417 2988 ὁμολογεῖν
1435 2912 1516 2987 (όπερ

209 3004 257 3055 καὶ
275 2999 344 3056 αίτό
363 2998 512 3073 ἀλλότριον
530 3008 579 3068 τῆς
597 3001 686 3072 ὀρθῆς
703 3003 824 3068 πίστεως
840 2997 916 3059 εἶναι
934 3007 1077 3072 φαίνεται,
1096 3013 1146 3059 τοῦ
1164 3002 1363 3074 εὐαγγελιστοῦ
1380 2999 1516 3072 λέγοντας

160 3081 194 3136 30
213 3087 274 3139 »καί
291 3084 361 3151 θεὸς
379 3081 411 3154 ἢν
430 3082 446 3139 ό
464 3085 585 3155 λόγοςι).
620 3082 679 3155 ἐγὼ
696 3084 727 3142 δέ
745 3085 869 3160 ἀκριβῶς
885 3087 1041 3158 μεμάθηκα
1060 3084 1104 3144 ότι
1122 3085 1280 3158 ἀδιαίρετος
1297 3089 1345 3141 καί
1358 3082 1517 3158 ἀχώριστός

209 3166 295 3234 ἐστιν,
314 3160 332 3239 ᾗ
349 3168 476 3239 δύναμις,
494 3179 545 3225 τοῦ
563 3170 672 3243 πατρός
689 3170 705 3223 ό
723 3167 791 3236 υίός.
827 3171 912 3239 αύτός
929 3173 984 3244 γάρ
1003 3172 1019 3228 ὁ
1038 3175 1144 3244 σωτήρ,
1163 3169 1180 3226 ό
1197 3170 1294 3241 κύριος
1312 3172 1391 3239 ίγμῖον
1410 3163 1516 3237 Ἰησοῦς

210 3254 338 3323 Χριστός,
365 3256 449 3324 φησίν
470 3251 515 3310 »έν
532 3253 599 3322 ἐμοί
617 3252 633 3308 ό
652 3258 757 3325 πατήρ,
782 3254 865 3327 κάγὼ
883 3252 914 3312 ἐν
930 3263 970 3330 τῷ
989 3260 1090 3327 πατρί«
1110 3259 1159 3311 καί
1179 3251 1252 3326 »ἐγὼ
1268 3257 1318 3310 καί
1337 3252 1354 3309 ὁ
1372 3255 1465 3324 πατὴρ
1483 3249 1515 3309 έν

210 3335 308 3407 ἐσμεν«
332 3341 382 3393 καί
401 3337 432 3392 »ὁ
455 3335 506 3407 ἐμέ
528 3332 664 3410 ἑωρακὼς
686 3336 796 3410 έάιρακε
818 3343 869 3396 τὸν
891 3340 1026 3411 πατέραι.
1061 3339 1165 3409 ταύτην
1186 3341 1236 3395 καί
1257 3338 1336 3410 παρὰ
1354 3344 1410 3393 τῶν
1427 3339 1516 3394 θείων

210 3430 330 3495 γραφῶν
352 3419 475 3492 εἰληφὼς
495 3424 546 3491 τίγν
569 3422 661 3478 πίστιν
682 3426 731 3478 καί
753 3424 832 3498 παρὰ
853 3432 911 3481 τῶν
928 3426 1002 3482 κατὰ
1019 3424 1090 3482 θεόν
1107 3426 1259 3497 προγόνων
1277 3425 1418 3492 διδαχθείς
1435 3416 1466 3476 έν
1484 3440 1516 3478 τε

162 3505 195 3558 35
210 3514 244 3578 τῇ
261 3517 312 3564 τοῦ
329 3512 400 3564 θεοῦ
418 3503 549 3580 ἐκκλησίᾳ
566 3505 696 3577 κηρύττω
713 3511 763 3565 καί
781 3510 853 3583 πρός
870 3509 904 3567 σὲ
927 3519 975 3566 νῖν
998 3510 1142 3581 γέγραφα,
1169 3508 1203 3564 τό
1221 3507 1397 3578 ἀντίγραφον
1414 3504 1516 3562 τούτου

210 3587 278 3663 παρ’
300 3588 413 3665 ἐμαυτῷ
434 3586 594 3660 κατασχών.
630 3595 678 3648 καί
697 3591 767 3660 deux»
787 3593 820 3649 τό
838 3591 990 3650 ἀντίτυπόν
1008 3612 1038 3650 σε
1056 3593 1160 3649 τούτου
1176 3598 1211 3663 τῇ
1228 3590 1301 3665 πρὸς
1318 3590 1385 3656 τούς
1402 3587 1515 3647 ἐπισκό-

210 3695 279 3742 πους
296 3674 429 3746 ἐπιστολῇ
446 3672 604 3747 ἐγγράψαι,
628 3671 677 3732 ἵνα
694 3680 734 3748 μή
752 3698 825 3744 τινες
841 3686 899 3734 τῶν
922 3678 1045 3751 ἀκριβῶς
1066 3680 1104 3747 μη
1132 3676 1248 3733 εἰδότων
1278 3677 1352 3744 ἡμᾶς
1373 3672 1516 3742 κάκείνοις

210 3768 269 3826 τοῖς
287 3754 333 3815 ἀπ’
351 3758 445 3817 αύτῶν
463 3768 595 3831 γραφεῖσι
613 3761 803 3832 προσέχοντες
821 3760 1015 3832 ἀπατηθῶσιν.

287 3840 441 3915 Ἔρρωσθε.
920 3856 929 3865 ’

297 4037 427 4092 ίΙΚοε,
447 4037 539 4097 ίίι,24
566 4068 599 4075 -
625 4038 787 4103 Luk.1,33
809 4068 842 4078 -
871 4040 909 4094 10
931 4038 991 4094 Joh.
1013 4040 1168 4105 1,1.3—
1197 4036 1321 4091 laLuk.
1341 4036 1398 4096 1.2
1420 4065 1453 4072 -
1477 4035 1515 4089 14

210 4105 253 4159 Ρε.
270 4107 312 4167 44,
330 4105 347 4158 2
365 4134 397 4143 -
417 4106 454 4160 Ῑίί
473 4104 535 4159 Joh.
552 4106 577 4170 8,
594 4106 628 4159 42
647 4135 679 4144 -
699 4106 735 4161 17
755 4106 838 4160 Hebr.
858 4108 910 4173 1,ss
927 4136 961 4145 -
981 4106 1095 4161 1⁰—24
1113 4103 1169 4173 vgl.
1182 4104 1271 4166 Hahn,
1291 4102 1450 4157 Bibliothek
1468 4102 1517 4156 dor

210 4171 352 4241 Symbole³
370 4173 436 4227 1897
454 4172 596 4227 s.22f-
615 4173 656 4227 80
673 4172 771 4236 Joh.1‚
791 4177 804 4227 1
824 4205 856 4212 -
875 4175 914 4229 82
933 4173 1095 4239 Joh.10,38
1113 4203 1145 4211 -
1163 4171 1224 4227 Joh.
1238 4175 1278 4238 10,
1294 4173 1328 4226 30
1346 4199 1378 4208 -
1396 4170 1435 4225 88
1453 4169 1515 4223 Joh.

212 4243 251 4305 14,
269 4241 286 4295 θ
308 4270 340 4278 -
364 4240 440 4295 m
454 4239 509 4310 vgl.
523 4240 611 4295 Julius
629 4256 671 4310 ep.
690 4240 725 4295 ad
742 4240 860 4295 Danium
878 4243 930 4295 σία,
948 4241 1059 4309 (Athan.
1078 4239 1149 4311 apol.
1167 4241 1222 4303 321:
1241 4242 1289 4295 καί
1308 4236 1343 4293 ού
1360 4246 1410 4292 νῖν
1428 4244 1515 4291 ταῦτα

210 4304 429 4377 πεφροντικέναι
446 4303 675 4379 διεβεβαιὼσατο,
694 4305 832 4364 ἀλλὰκαὶ
850 4302 971 4364 ἔκπαλαι

294 4443 422 4511 θηρῶν,
445 4434 555 4521 Ἰησοῦς,
578 4442 701 4514 Χριστός
719 4443 789 4496 alius
820 4445 824 4508 Ι
858 4446 897 4499 10
914 4440 949 4499 τά
968 4443 1070 4498 mm.
1103 4447 1109 4512 Ι
1140 4443 1229 4513 λέγων
1248 4443 1325 4498 codd.
1357 4440 1362 4510 Ι
1397 4442 1434 4497 18
1453 4438 1515 4497 άνέ-

209 4508 531 4581 λαβεῖτ31.Βοςτείοτ
575 4511 579 4577 Ι
628 4511 665 4565 21
686 4509 901 4580 σταυρωθέντα,
927 4514 976 4565 καί
994 4510 1131 4579 ταφέντα,
1149 4513 1198 4563 καί
1216 4510 1286 4565 alius
1331 4512 1335 4579 Ι
1377 4511 1413 4565 231
1439 4506 1515 4565 ἐστιν

209 4578 225 4646 ὴ
244 4574 360 4641 δύναμις
376 4586 426 4633 τοτ’·
444 4577 522 4632 codd.
555 4578 559 4643 Ι
593 4578 630 4632 θλ
650 4574 799 4642 κάκείνους
816 4577 875 4633 σού.
895 4579 955 4633 ίοο.
