3728 5508
655 538 751 590 contra
767 530 927 586 Marcellum
945 530 958 584 Ι
977 536 1000 586 1.
1453 542 1472 600 5

162 701 264 783 θῆναι
287 703 344 764 καί
366 691 557 786 ὑποστῆναι
579 705 633 767 καὶ
655 696 763 785 μόνον
785 694 860 768 υίὸν
880 700 1049 783 μονογενῆ
1072 694 1157 765 εἶναι
1180 693 1365 781 πιστεύειν,
1389 692 1474 767 θεόν

162 822 196 863 τε
220 792 329 865 αῦτὸν
355 791 404 877 ῶς
432 792 573 883 ἀληθῶς
599 795 674 868 υίὸν
698 790 785 868 ὄντα
803 802 887 867 θεοῦ
909 803 1095 884 γνωρίζειν.
1138 799 1167 864 εί
1188 795 1229 885 δὴ
1251 788 1314 866 σῦν
1337 795 1472 880 τούτοις
1492 810 1525 864 18

160 900 219 981 μὲν
241 889 435 983 ἀντιλέγων
459 926 510 978 τις
532 902 701 983 φαίνοιτο,
725 893 829 985 λόγον
852 902 886 967 δὲ
910 901 994 966 θεοῦ
1009 890 1136 983 ὁμοίως
1151 901 1201 982 τῷ
1218 899 1255 965 έν
1269 891 1472 982 ἀνθρώποις

161 1000 288 1065 τοῦτον
312 990 477 1081 ὁρίζοιτο,
509 1002 601 1082 (πῶς
627 993 689 1068 οῦκ
717 995 759 1067 ἀν
780 1000 969 1083 ἐλέγχοιτο)
996 991 1057 1064 οῦκ
1084 1000 1218 1066 ἐννοῶν
1247 991 1324 1066 οῦδέ
1346 992 1474 1083 λογιζό-

129 1107 258 1182 5μενος
290 1091 340 1176 ῶς
372 1091 472 1167 οῦδὲν
504 1096 567 1184 χρὴ
598 1094 733 1185 θνητὸν
768 1093 845 1167 οῦδὲ
877 1092 1103 1182 ἀνθρώπινον
1132 1101 1182 1183 τῷ
1215 1099 1368 1166 ἐπέκεινα
1400 1103 1474 1165 τῶν

160 1188 253 1264 ῦλων
281 1191 484 1266 ἀνατιθέναι
515 1203 602 1285 θεῷ,
634 1193 709 1266 οὐδ’
741 1190 831 1276 όλως
858 1224 891 1265 τι
918 1202 991 1264 τῶν
1022 1200 1068 1275 είς
1095 1191 1262 1283 ἡμετέραν
1289 1193 1475 1283 ἐνθύμησιν

161 1291 346 1369 ἀνιόντων,
369 1292 435 1364 κάν
457 1298 490 1365 αἱ
506 1306 596 1365 θεῖαι
618 1302 754 1384 γραφαί,
779 1292 893 1383 ῶσπερ
917 1292 1013 1376 τινὰς
1035 1300 1176 1382 νηπίους
1197 1300 1474 1382 παιδαγωγοῦσαι

160 1394 239 1473 τοῦς
254 1391 538 1482 ἐντυγχάνοντας,
562 1392 881 1484 ἀνθρωπικώτερον
895 1401 971 1481 περὶ
989 1389 1094 1464 αῦτοῦ
1109 1400 1342 1483 διαλέγωνται,
1363 1414 1474 1482 χεῖρας

161 1490 253 1582 αύτῷ
277 1502 336 1564 καὶ
358 1490 467 1575 πόδας
487 1502 544 1563 καὶ
568 1489 772 1584 ὀφθαλμοὺς
790 1501 843 1565 καὶ
862 1492 982 1582 φωνάς
1002 1500 1056 1562 καὶ
1080 1490 1203 1582 λόγους
1217 1501 1272 1564 καὶ
1289 1492 1396 1583 στόμα
1417 1504 1474 1565 καὶ

116 1602 144 1654 1⁰
159 1589 354 1680 πρόσωπον
368 1598 422 1664 καὶ
438 1601 538 1681 μυρία
554 1593 642 1666 ἀλλα
658 1601 801 1665 τοιαῦτα
815 1592 1073 1682 περιάπτουσαι·
1096 1590 1118 1663 ἀ
1140 1593 1181 1681 δὴ
1196 1590 1360 1682 προσήκει
1374 1622 1473 1681 μετα·

161 1700 275 1779 φέρειν
291 1698 349 1763 ἐπὶ
364 1703 566 1781 θεοπρεπεῖς
582 1698 723 1776 ἐννοίας,
746 1692 846 1765 οῦδὲν
868 1692 1001 1783 θνητὸν
1023 1688 1099 1763 οῦδ)
1122 1689 1348 1780 ἀνθρώπινον
1369 1698 1406 1763 ἐν
1421 1700 1472 1781 τῷ

160 1800 231 1882 θεῷ
248 1795 337 1863 εἶναι
353 1800 642 1882 φανταζομένους·
660 1800 826 1882 »πνεῦμαι
844 1794 906 1883 γὰρ
925 1789 962 1865 »ό
977 1790 1068 1875 θεός,
1083 1792 1228 1876 καὶτοὺς
1243 1799 1470 1879 προσκυνοῦν-

161 1921 220 1975 τας
236 1890 348 1963 αῦτὸν
362 1897 399 1964 ἐν
413 1892 579 1982 πνεύματι
600 1902 655 1963 καί
671 1890 814 1984 ἀληθείη
830 1900 880 1964 δεῖ
899 1910 1132 1979 προσκυνεινι,
1157 1889 1260 1974 αὐτὸς
1282 1894 1432 1978 ἐδίδαξεν
1454 1888 1473 1962 6

160 1989 284 2081 σωτήρ.
330 1999 359 2062 εἰ
382 1997 417 2063 δὲ
438 2000 581 2081 πνεῦμα,
614 1999 720 2083 δῆλον
746 1987 801 2064 ότι
823 2007 935 2077 θεῖον,
966 2011 1123 2081 κρεῖττον
1151 1991 1284 2074 παντὸς
1307 1999 1473 2081 αἰσθητοῦ
1493 2005 1526 2059 19

116 2102 144 2153 15>
159 2100 213 2161 καὶ
236 2098 409 2163 συνθέτου
430 2092 597 2181 σώματος,
621 2091 669 2175 ῶς
690 2091 775 2183 μὴτε
798 2091 903 2182 λόγον
917 2090 1086 2180 αἰσθητὸν
1106 2095 1202 2180 ἔχειν,
1224 2089 1292 2163 ὑπὸ
1315 2093 1473 2181 γλώττης

161 2191 390 2281 ἐξηγούμενον
420 2199 474 2262 καὶ
506 2191 560 2262 διὰ
590 2200 771 2281 προφορᾶς
801 2204 943 2282 θνητοῖς
975 2188 1059 2263 ῶσίν
1093 2190 1354 2278 ε’ξακουόμενον,
1389 2189 1474 2281 μὴτε

160 2299 323 2377 γλῶτταν
345 2287 430 2380 μήτε
453 2291 575 2381 φωνὴν
604 2289 689 2381 μὴτε
718 2292 908 2379 πρόσωπον
937 2289 1022 2380 μὴτε
1053 2297 1119 2379 <τι>
1150 2290 1235 2361 ἀλλο
1267 2297 1387 2381 θνητῷ
1418 2297 1474 2359 καὶ

160 2386 380 2480 ἀνθρωπίνῳ
403 2398 552 2480 λογισμῷ
575 2389 886 2479 παραβαλλόμενον.
930 2394 958 2461 εἰ
980 2387 1042 2479 γάρ
1065 2419 1098 2460 τι
1121 2391 1206 2462 ἀλλο
1233 2384 1269 2460 »6
1293 2386 1474 2477 ὀφθαλμὸς
1492 2407 1526 2461 20

160 2486 220 2560 οῦκ
243 2493 336 2562 εἶδεν
358 2486 436 2560 οῦδὲ
458 2483 517 2573 οῦς
539 2487 694 2579 ἤκουσεν,
719 2487 795 2562 οῦδὲ
818 2494 871 2560 ἐπὶ
892 2494 1035 2579 καρδίαν
1056 2487 1247 2577 ἀνθρώπου
1267 2487 1329 2560 οῦκ
1351 2487 1469 2578 ἀνέβη

115 2586 292 2660 ῖθτοιαῦτ’
325 2591 410 2660 εἶναι
439 2587 478 2658 »ἀ
504 2587 687 2679 ἡτοίμασεν
716 2585 839 2673 όθεὸς
861 2610 933 2671 τοῖς
964 2585 1141 2677 ἀγαπῶσιν
1171 2586 1295 2660 αῦτὸντ
1330 2584 1348 2661 ό
1380 2602 1474 2671 θεῖος

158 2692 313 2775 ἐδίδαξεν
335 2684 540 2771 ἀπόστολος,
564 2690 702 2761 τούτων
724 2686 891 2760 ἀπάντων
915 2686 1018 2771 αῦτὸς
1040 2683 1058 2759 6
1082 2689 1221 2759 τούτων
1243 2690 1349 2779 δοτὴρ
1372 2685 1471 2779 ἀρρή-

160 2818 232 2860 των
255 2787 302 2859 ῦὶν
326 2792 375 2877 εἴη
400 2784 636 2879 ἀρρητότερος,
656 2794 660 2876 λ
681 2788 729 2872 ῶς
751 2797 871 2877 πολλῷ
892 2794 1025 2877 μᾶλλον
1049 2785 1280 2876 ἀληθέστερον
1302 2786 1408 2877 φάναι
1430 2788 1474 2860 ἀν
1506 2801 1526 2855 6

161 2893 260 2977 ἐντῷ
286 2896 362 2975 περὶ
384 2885 492 2960 αῦτοῦ
513 2897 675 2980 θεολογίᾳ
698 2884 882 2978 ὀφθαλμὸν
910 2888 955 2977 μὴ
985 2889 1172 2975 ἑωρακέναι
1198 2895 1278 2978 μηδὲ
1310 2881 1369 2971 οῦς
1396 2886 1472 2978 ἀκη·

161 2996 281 3059 κοέναι
306 2995 388 3075 μηδὲ
414 2992 486 3059 »ἐπὶ
508 2995 650 3075 καρδίαν
673 2986 890 3075 ἀνθρώπων(
916 2985 1157 3076 ἀναβεβηκέναι
1184 2995 1245 3077 τὴς
1267 2996 1344 3076 περὶ
1367 2986 1474 3060 αῦτοῦ

115 3098 144 3151 25
162 3084 391 3176 καταλήψεως
414 3087 479 3176 τὴν
501 3096 637 3175 γνῶσιν.
669 3083 688 3158 6
711 3083 744 3156 δ’
767 3085 870 3170 αῦτός
892 3085 934 3158 ἀν
957 3091 1007 3175 εἴη
1030 3083 1131 3174 λόγος
1152 3095 1208 3158 καί
1230 3098 1306 3176 περὶ
1329 3095 1389 3177 τῆς
1412 3096 1475 3159 τοῦ
1493 3104 1525 3157 21

162 3191 236 3258 υίοῦ
260 3193 516 3277 γενεσιουργίας.
560 3183 753 3258 τούτωνδ’
777 3184 879 3270 αύτὸς
902 3181 921 3257 6
944 3185 1060 3275 σωτὴρ
1082 3181 1262 3273 ἀξιόχρεως
1286 3184 1408 3276 γένοιτ’
1432 3185 1476 3256 ἀν

162 3282 239 3373 ἡμῖν
269 3284 490 3376 ἱεροφάντης,
523 3279 591 3357 ώδέ
619 3314 667 3375 πη
699 3284 842 3374 φάσκων
874 3281 1005 3357 »πάντα
1031 3314 1089 3374 μοι
1114 3284 1291 3374 παρεδόθη
1317 3284 1385 3357 ύπὸ
1412 3293 1476 3357 τοῦ

161 3382 295 3474 πατρός
323 3414 401 3471 μου,
432 3395 487 3458 καί
515 3383 624 3469 οῦδείς
652 3387 866 3474 ἐπιγινώσκει
888 3386 951 3456 τὸν
972 3384 1048 3455 υίόν
1071 3392 1099 3455 εἰ
1120 3381 1206 3474 μὴό
1238 3382 1365 3473 πατήρ,
1397 3382 1475 3456 οῦδὲ

164 3483 226 3556 τόν
249 3492 383 3571 πατέρα
406 3516 458 3568 τις
479 3485 692 3575 ἐπιγινώσκει
720 3489 747 3554 εί
773 3484 818 3574 μὴ
840 3481 858 3555 6
881 3481 981 3567 υίόςτ.
1025 3490 1052 3554 εί
1084 3484 1124 3575 δὴ
1155 3477 1217 3555 οῦν
1248 3483 1385 3565 τούτοις
1414 3491 1475 3572 μὲν
1494 3509 1528 3561 22

116 3579 434 3673 Βυάντιφθίγγοιτό
456 3615 509 3667 τις
531 3594 585 3655 καὶ
607 3586 652 3674 μὴ
675 3583 738 3656 τὸν
764 3582 854 3666 υίόν,
887 3576 1052 3675 ῷπάντα
1074 3589 1271 3671 παρέδωκεν
1301 3579 1320 3653 6
1351 3581 1476 3673 πατήρ.

162 3680 352 3769 ύφεστάναι
384 3693 492 3774 λέγειν
520 3686 674 3776 τολμῷη,
706 3682 811 3775 λόγον
841 3691 876 3754 δὲ
904 3680 1009 3755 αύτόν
1036 3678 1187 3771 ὁρίζοιτο
1218 3679 1327 3772 μόνον
1357 3678 1477 3772 ὅμοιον

164 3791 212 3871 τῷ
244 3789 284 3856 ἐν
315 3782 529 3870 ἀνθρώποις,
567 3791 653 3854 ποτὲ
683 3791 744 3874 μὲν
774 3788 810 3853 ἐν
841 3790 890 3871 τῷ
923 3791 995 3872 θεῷ
1027 3779 1237 3871 ἡσυχάζοντα
1268 3778 1394 3871 ὁμοίως
1425 3791 1476 3872 τῷ

163 3881 241 3970 παρ’
267 3879 346 3971 ἡμῖν
368 3891 555 3963 σιωπῶντι,
578 3892 664 3954 ποτὲ
687 3891 721 3955 δέ
744 3889 948 3973 ἐνεργοῦντα
969 3889 1022 3971 τῷ
1037 3879 1115 3969 παρ’
1140 3879 1218 3971 ἡμῖν
1241 3887 1277 3953 ἐν
1292 3891 1343 3971 τῷ
1361 3893 1476 3953 λαλεῖν

166 3987 394 4071 φθεγγομένῳ
415 3991 670 4072 παραπλησίως,
693 3986 766 4054 εἶτα
788 3990 914 4053 τοῦτον
937 3980 1043 4053 αῦτόν
1065 3990 1173 4072 καιρῷ
1192 4012 1264 4053 Ιτινι
1287 3978 1358 4053 οὔδ’
1381 3976 1476 4052 όλων

250 4153 269 4207 θ
293 4152 348 4221 vgl.
368 4152 414 4206 Nr.
432 4157 466 4210 δι’)
492 4183 525 4193 -
552 4153 599 4209 ut
618 4153 673 4223 vgl.
693 4153 822 4221 Origenes
841 4154 887 4208 sel.
912 4153 940 4206 in
963 4153 1029 4207 Gen.
1050 4154 1116 4219 1,26
1142 4184 1175 4192 -
1203 4153 1241 4207 12
1260 4152 1322 4206 Joh.
1340 4154 1365 4218 4,
1383 4156 1417 4207 ⁴24
1443 4183 1474 4192 -

166 4254 233 4310 181
254 4254 316 4309 Kor.
335 4255 386 4319 2,θ
405 4285 436 4294 -
456 4254 616 4310 2311K0r.
635 4258 659 4320 2,
677 4257 693 4310 9
711 4285 743 4293 -
763 4254 800 4308 27
820 4255 918 4310 Matth.
939 4259 977 4316 11,
996 4256 1028 4308 27
1048 4284 1079 4293 -
1098 4253 1241 4323 3111ng
1260 4252 1305 4307 Nr.
1325 4258 1365 4309 55.
1384 4256 1424 4308 56.
1443 4255 1477 4308 92

165 4384 196 4394 -
216 4356 357 4426 8411ng
376 4356 422 4409 Nr.
442 4357 498 4410 102.
518 4358 566 4411 103

252 4501 268 4556 l
287 4497 360 4569 υίὸν]
380 4507 411 4562 ÷
427 4501 475 4554 καί
487 4518 514 4553 m
530 4500 534 4567 Ι
549 4500 569 4554 4
582 4504 643 4564 πῶς
660 4496 711 4553 οίικ
729 4494 765 4553 ἂν
783 4495 927 4568 ἐλέγχοιτο
942 4498 976 4551 Kl
992 4502 995 4565 λ
1012 4500 1031 4555 8
1045 4495 1306 4570 ἀνθρωπινώτερον
1317 4499 1350 4561 V,
1363 4516 1430 4553 corr.
1441 4497 1476 4552 Κλ

167 4601 221 4671 vgl.
239 4602 264 4656 S.
274 4603 315 4663 18,
325 4602 359 4656 23
379 4604 384 4668 Ι
403 4602 422 4655 9
441 4601 568 4669 στύματα
582 4600 615 4667 V,
634 4617 701 4654 corr.
716 4599 767 4654 We
783 4602 787 4667 Ι
805 4602 840 4656 17
854 4619 881 4656 τι
899 4595 968 4656 ἀλλο
981 4600 1025 4667 ΚΙ,
1043 4603 1110 4655 εῖτθ
1129 4601 1181 4675 We
1195 4603 1200 4670 Ι
1216 4601 1255 4656 22
1274 4595 1314 4665 ὼς
1330 4618 1359 4654 111
1378 4596 1409 4665 ὃς
1427 4598 1451 4650 V
1473 4604 1474 4613 ¹

168 4704 206 4758 22
226 4710 313 4773 φῦναι
324 4702 362 4756 V*
373 4703 442 4771 φαίη
452 4703 490 4756 V²
505 4703 508 4769 ἡ
525 4703 562 4757 25
580 4698 596 4756 6
615 4696 643 4755 δ’
653 4700 689 4753 V²
708 4696 769 4756 οἶδ’
779 4701 819 4755 V*
835 4707 839 4769 Ι
856 4704 892 4757 31
904 4701 980 4773 λέγει
998 4702 1144 4770 τοίμῦινθ
1155 4698 1281 4770 (τολμώη
1292 4701 1348 4767 νδ,
1359 4718 1426 4754 corr.
1436 4704 1478 4756 Ga
