3778 5510
682 495 717 551 δε
733 496 919 552 ecclesiastiea
935 498 1078 570 theologia
1093 499 1119 553 11
1138 501 1179 556 19.
1532 509 1590 570 125

338 659 430 749 πλὴν
458 664 572 746 ἐμοῦι·
609 655 741 744 ἀκούεις
772 654 869 745 ὅπως
900 661 955 735 διὰ
982 667 1044 751 τῆς
1065 658 1282 751 ἀντωνυμίας
1314 662 1374 734 δνα
1394 663 1483 734 είναι
1503 660 1590 734 θεὸν

337 756 447 845 μόνον
468 755 705 847 ἀποφαίνεται.
747 766 803 831 καὶ
834 753 934 845 αὖθις
960 762 1082 852 μικρὸν
1106 755 1251 850 ῦστερον
1280 763 1363 850 »ἐγώ
1387 767 1452 851 εἰμι
1472 760 1588 853 κύριος
1607 778 1637 831 11

336 853 460 941 δίεδς
482 880 560 930 σου(
585 867 699 947 φησίν,
730 859 856 933 ἐαυτὸν
885 860 1005 952 κύριον
1035 871 1091 934 καί
1116 861 1204 934 θεὸν
1229 863 1315 933 είναι
1335 868 1454 952 λέγων.
1497 867 1588 933 τίδὲ

336 963 393 1029 καί
419 953 462 1029 δι’
484 957 602 1047 ἐτέρας
622 964 756 1049 γραφῆς
785 958 1025 1051 μανδάνσμεν;
1058 968 1131 1032 »καὶ
1157 961 1273 1050 γνώσῃ
1299 959 1462 1051 σήμερον(
1487 967 1592 1051 φησὶν

340 1064 413 1128 »καὶ
435 1053 477 1129 οῦ
498 1056 733 1148 διαστραφήσῃ
755 1067 798 1148 τῇ
820 1063 968 1153 διανοίᾳ,
1000 1055 1055 1133 ὅτι
1085 1059 1200 1149 κύριος
1227 1057 1246 1131 δ
1268 1060 1352 1145 θεός
1382 1086 1456 1145 σου,
1488 1053 1590 1144 οὗτος

336 1154 419 1239 θεὸς
440 1160 480 1228 ἐν
501 1165 553 1248 τῷ
574 1153 711 1248 σῦρανῴ
733 1158 842 1249 <ἀνω>
868 1165 924 1231 καὶ
951 1165 1007 1232 ἐπὶ
1035 1166 1096 1249 τῆς
1116 1167 1177 1250 γῆς
1198 1157 1310 1245 κάτω,
1339 1167 1396 1231 καὶ
1426 1156 1489 1232 σῦκ
1518 1163 1589 1233 ἔστι

336 1254 430 1347 πλήν
462 1255 599 1328 αῦτσῦι.
653 1263 710 1328 καὶ
741 1251 840 1341 αὖθις
876 1264 914 1331 ἐν
949 1267 1002 1350 τῷ
1039 1256 1134 1349 αὐτῷ
1166 1266 1419 1349 Δευτερονσμίῳ
1457 1260 1588 1345 ιάκουε,

335 1352 494 1448 Ἰσραήλ(
533 1364 637 1445 φησίν
662 1356 795 1447 »κύριος
817 1354 837 1430 δ
859 1356 941 1442 θεὸς
964 1356 1063 1448 ἡμῶν
1083 1357 1199 1445 κῦριος
1221 1359 1268 1443 είς
1290 1364 1395 1431 ἐστιν·
1430 1365 1486 1431 καὶ
1507 1355 1586 1450 ἀγα-

335 1455 453 1549 πήσεις
482 1455 602 1546 κῦριον
631 1456 696 1529 τὸν
725 1454 810 1529 θεόν
841 1482 903 1530 σου
931 1463 968 1545 ἐξ
998 1452 1080 1549 ὅλης
1110 1464 1248 1545 καρδίας
1278 1481 1340 1531 σου
1364 1466 1421 1529 καὶ
1446 1462 1482 1546 ἐξ
1504 1452 1587 1550 ὅλης

337 1563 446 1646 ψυχῆς
467 1579 529 1628 σου
548 1562 605 1627 καί
626 1559 663 1644 ἐξ
689 1549 772 1646 ὅλης
797 1563 979 1640 διανοίαςι.
1022 1566 1078 1630 καὶ
1099 1555 1206 1628 πάλιν
1227 1560 1265 1627 ἐν
1286 1565 1337 1648 τῷ
1360 1553 1455 1649 αῦτῷ
1481 1562 1586 1630 »ἴδετε
1603 1573 1637 1627 12

336 1661 425 1728 ἴδετε
448 1648 503 1728 ὅτι
523 1657 591 1745 ἐγώ
613 1661 689 1745 είμι,
711 1662 767 1726 καί
788 1653 851 1728 σῦκ
872 1659 966 1730 ἐστιν
986 1657 1068 1739 θεὸς
1089 1656 1182 1747 πλήν
1196 1661 1290 1747 ἐμοῦ·
1312 1657 1381 1746 ἐγώ
1402 1653 1585 1730 ἀποκτενῶ

335 1764 392 1828 καί
419 1762 480 1845 ζῆν
505 1752 653 1845 ποιήσαι·
687 1753 833 1842 πατάξω
859 1765 915 1829 καὶ
936 1755 1101 1847 ίάσομαιι.
1142 1763 1219 1840 πῶς
1241 1749 1304 1828 οῦν
1325 1753 1491 1845 Ἀστέριος
1513 1776 1587 1841 ταῖς

334 1851 441 1945 ἁγίαις
468 1875 614 1944 γραφαῖς
640 1851 760 1937 ἅπλῶς
784 1864 841 1927 καὶ
871 1855 1028 1946 ἐμφόβαις
1058 1855 1264 1930 ἀκολουθεῖν
1293 1856 1587 1946 προσποιούμενος

333 1952 396 2026 οῦκ
418 1958 507 2044 ἔγνω
529 1953 572 2026 τὸ
592 1961 693 2045 μέρος
715 1961 821 2027 τοῦτο
843 1964 947 2046 λέγον
975 1957 1108 2046 »κύριος
1134 1953 1154 2027 ὁ
1176 1955 1259 2040 θεός
1281 1979 1356 2040 σου,
1379 1948 1483 2039 οὗτος
1503 1954 1586 2040 θεὸς

220 2078 255 2129 15
335 2058 373 2125 ἐν
394 2062 446 2145 τῷ
469 2050 607 2144 οῦρανῷ
629 2054 737 2143 (ἀνω)
763 2060 896 2127 καὶέπὶ
918 2063 980 2146 τῆς
1002 2063 1062 2146 γῆς
1090 2054 1202 2141 κάτιο,
1233 2064 1289 2128 καί
1321 2053 1384 2128 οῦκ
1412 2058 1505 2127 ἐστιν
1533 2058 1585 2128 ἐτι

334 2151 427 2245 πλήν
458 2150 600 2238 αάτοῦι,
628 2161 684 2224 καί
717 2147 772 2227 ὅτι
801 2156 866 2239 »είς
892 2160 1003 2227 ἐστιν(
1036 2163 1091 2227 καί
1118 2155 1213 2246 πλὴν
1237 2153 1344 2230 αῦτοῦ
1366 2157 1480 2241 ἐτιρος
1504 2152 1584 2227 »οῦκ

334 2258 464 2339 ἔστινι,·

270 2361 328 2425 καί
348 2350 425 2442 μεθ’
448 2355 546 2443 ἐτερα
567 2352 705 2438 τούτοις
726 2347 827 2437 αὖθις
848 2363 1076 2443 προστίθησιν
1098 2362 1209 2443 λέγων
1601 2369 1634 2424 13

333 2455 400 2538 (Nr.
423 2459 477 2541 68)
508 2458 586 2536 ποῦς
615 2445 678 2525 οῦν
704 2450 723 2525 ὁ
748 2453 839 2543 ίερδς
860 2452 1040 2544 προφήτης
1060 2450 1212 2544 Ἱερεμίας
1233 2449 1275 2527 οῦ
1297 2457 1456 2541 φανερῶς
1476 2448 1584 2525 αὐτὸν

219 2576 256 2629 20
334 2554 704 2640 ἑτεροδιδασκαλοῦντα
724 2557 864 2642 ἐλέγξει;
890 2552 934 2625 τὰ
959 2553 1023 2641 γὰρ
1043 2553 1133 2626 κατὰ
1155 2552 1220 2624 τὸν
1240 2558 1380 2642 σωτῆρα
1402 2549 1480 2642 ήμιν
1501 2579 1583 2639 προ

334 2651 498 2742 φήτεῦων
528 2645 640 2735 οῦτιος
670 2656 735 2743 ἐφη
774 2645 894 2736 »οὗτος
924 2649 943 2725 ὁ
975 2652 1056 2736 θεὸς
1091 2650 1235 2743 (ήμῶν),
1271 2648 1314 2723 οῦ
1343 2648 1584 2740 λογισθήσεται

335 2755 450 2843 ἕτερος
470 2752 558 2839 πρὸς
579 2749 695 2825 αὐτόν.
737 2757 871 2841 ἐξεῦρεν
890 2759 1004 2824 πᾶσαν
1029 2747 1113 2824 δδὸν
1143 2749 1342 2843 ἐπιστήμης,
1372 2756 1428 2823 καὶ
1459 2753 1584 2821 ἔδωκεν

331 2849 453 2937 Ἰακάβ
480 2858 531 2942 τῷ
562 2859 658 2925 παιδί
688 2848 795 2924 αῦτοῦ
822 2858 877 2922 καί
902 2849 1030 2941 Ἰσραήλ
1062 2858 1114 2942 τῷ
1145 2848 1352 2941 ἠγαπημένῳ
1381 2845 1438 2920 ὑπ’
1469 2845 1585 2923 αῦτοῦ.

333 2950 418 3039 μετὰ
449 2959 559 3025 ταῦτα
588 2957 644 3023 ἐπὶ
674 2959 737 3042 τῆς
766 2958 827 3041 γῆς
856 2949 976 3041 ὤφθη,
1012 2957 1068 3023 καὶ
1103 2969 1175 3033 τοῖς
1210 2947 1411 3038 ἀνθρώποις
1445 2974 1582 3021 συνανε-

218 3072 253 3126 25
333 3049 496 3142 στράφηι.

269 3158 326 3221 καί
346 3148 452 3223 πάλιν
471 3158 700 3242 προστίθησιν
722 3157 833 3238 λέγων
1599 3162 1633 3217 14

333 3253 403 3337 (Νι.
425 3257 477 3336 50)
499 3246 574 3324 ἀλλ’
596 3255 706 3323 ἔοικεν
727 3255 765 3322 ἐν
787 3257 838 3341 τῷ
861 3249 954 3341 λόγῳ
976 3245 995 3321 δ
1016 3248 1131 3339 πατήρ
1154 3251 1253 3332 είναι,
1273 3244 1341 3318 κάν
1361 3243 1515 3337 Ἀστερίῳ
1536 3247 1581 3336 μή

332 3355 417 3439 δοκῇ
444 3356 501 3422 καί
533 3368 606 3434 τοις
635 3350 679 3421 τὰ
706 3347 793 3422 αῦτά
819 3354 936 3441 ἐκείνῳ
964 3355 1160 3438 φρονοῦσιν.
1202 3355 1297 3421 δοκεῖ
1316 3346 1379 3435 γὰρ
1402 3354 1508 3419 τοῦτο
1530 3354 1581 3436 τῷ

334 3457 502 3539 θεσπεσίῳ
522 3447 689 3540 προφήτῃ
709 3445 836 3542 Ἡσαΐᾳ,
863 3457 915 3541 τῷ
938 3445 980 3520 δι’
1003 3445 1101 3539 ἀγίου
1125 3453 1262 3537 λέγοντι
1287 3444 1481 3535 πνεύματος
1510 3452 1583 3517 »καὶ

332 3546 625 3639 προσκυνήσουσιν
647 3573 709 3631 σοι,
741 3556 748 3637 Ι
779 3557 834 3620 καί
855 3554 893 3621 ἐν
913 3554 966 3622 σοί
979 3547 1239 3636 προσεδξονται·
1267 3539 1321 3617 ὅτι
1334 3550 1373 3617 ἐν
1388 3551 1440 3615 σοὶ
1455 3540 1476 3617 δ
1490 3542 1581 3630 θεός,
1601 3560 1661 3619 188

332 3657 388 3719 καί
420 3644 483 3720 οῦκ
510 3652 603 3721 ἔστιν
629 3648 734 3732 ἀλλος
759 3647 853 3740 πλήν
874 3672 944 3720 σου.
986 3648 1027 3720 σύ
1049 3648 1111 3738 γάρ
1139 3643 1208 3718 είδ
1231 3643 1336 3730 θεός(
1383 3640 1465 3738 δρᾷς
1485 3637 1583 3728 ὅπως

330 3748 518 3836 πρόρριζον
561 3743 742 3838 ἀνατρέπει
777 3747 843 3837 τήν
878 3754 952 3820 τῶν
988 3745 1387 3836 ἑτεροδιδασκαλοῦντων
1422 3747 1582 3833 ἔντεχνον

329 3854 551 3938 Μουσείου

267 3954 325 4018 καί
346 3939 447 4030 αῦδις
467 3951 613 4037 ἐπιλέγει
1597 3966 1632 4022 1⁶

354 4115 873 4185 2Ex.20,5-41>012t„4‚39-
901 4115 1137 4179 7D0ut6,4.5
1161 4149 1191 4160 -
1223 4114 1579 4181 looout3239-14

268 4217 473 4285 Deufflo-
489 4220 527 4275 10
542 4217 689 4285 Βεο16,4
705 4248 740 4257 -
765 4217 947 4283 11εο14,35,
974 4218 1142 4286 323911-
1159 4218 1198 4274 21
1217 4217 1471 4283 Baruch3,36-38
1487 4246 1521 4254 -
1539 4216 1580 4272 2⁹

266 4319 320 4375 ίοι.
337 4322 492 4384 45,14.1ῦ

352 4467 425 4528 Βού
441 4469 666 4542 διαστροφήσφδ
683 4466 879 4539 ἐπιστροφὴσρ
897 4467 969 4523 Lxx
1000 4470 1005 4536 Ι
1037 4463 1133 4525 δάνοι
1151 4469 1196 4522 fib.
1215 4467 1241 4524 δ
1259 4469 1285 4523 Ζ.
1296 4467 1335 4520 V²
1364 4470 1370 4535 Ι
1402 4462 1524 4536 θυμῶν
1542 4468 1581 4522 V²

269 4574 273 4635 Ι
302 4572 340 4627 15
358 4566 420 4627 ἄνω
437 4569 500 4626 ωδ
518 4571 557 4626 st„
589 4574 595 4639 Ι
628 4573 666 4627 21
686 4573 812 4640 ήμῶνω
830 4570 903 4624 Lxx
935 4572 940 4638 Ι
973 4569 1012 4626 28
1031 4567 1313 4626 τοῦτοαιτοίτοιί
1345 4570 1350 4635 Ι
1383 4570 1424 4625 8⁰
1448 4568 1528 4638 θεός]
1546 4577 1579 4633 -Ι-

266 4668 325 4728 ἐστι
342 4671 457 4727 mm
488 4674 494 4739 1
522 4673 558 4728 ⁸1
577 4666 674 4741 ἀλλος]
694 4671 764 4736 θεὸς
780 4670 854 4725 Lxx
