3728 5508
363 543 382 603 6
951 534 1084 591 Eusebius

364 700 455 767 ἐτῶν
478 700 673 785 ἔμπροσθεν
694 705 928 786 τετρακοσίων
951 695 1058 788 σάρκα
1086 696 1189 788 φῆσαι
1215 695 1291 784 (οῦκ
1312 689 1379 768 οἷδ’
1402 689 1509 781 ὅπως)
1541 689 1673 782 άνειλη-

365 803 464 883 φέναι
485 805 542 867 καί
564 792 605 868 δι>
629 792 736 885 αῦτῆς
757 796 822 885 τῆν
842 797 931 868 κατὰ
956 798 1148 886 ἄνθρωπον
1162 803 1360 886 οἰκονομίαν
1376 800 1595 875 τετελεκέναι,
1618 800 1673 863 καὶ

364 891 445 966 τότε
466 894 541 966 υἱὸν
563 903 649 967 θεοῦ
670 904 845 984 γεγονέναι
866 905 922 967 καὶ
944 894 1070 987 Ἰησοῦν
1093 895 1243 982 Χριστὸν
1264 904 1464 986 χρηματίσαι
1485 899 1622 980 βασιλέα
1637 922 1673 962 τε

364 990 614 1084 άνηγορεῦσθαι
635 993 750 1067 εἰκόνα
773 1025 809 1066 τε
828 1004 930 1069 »θεοῦ
947 1004 1009 1068 τοῦ
1024 994 1203 1084 άοράτουι,
1226 1005 1280 1067 καὶ
1295 992 1524 1084 πρωτότοκον
1547 990 1675 1081 »πάσης

329 1102 523 1178 ὀκτίσεωςι
548 1096 593 1184 μὴ
616 1089 701 1167 ὄντα
716 1092 888 1183 πρότερόν
910 1125 997 1169 ποτε
1021 1094 1271 1185 ἀποδεδεῖχθαι·
1299 1093 1359 1168 εἰτ’
1382 1101 1436 1167 ἐπὶ
1460 1102 1502 1182 τῆ
1524 1091 1675 1178 τοσαύτη

364 1188 491 1284 άτοπίᾳ
512 1192 591 1283 μηδ’
623 1200 658 1281 ἐξ
680 1187 786 1283 οῦπερ
816 1192 967 1267 ῦπέθετο
992 1194 1120 1285 χρόνου
1143 1195 1208 1285 τῆν
1230 1200 1276 1279 είς
1303 1195 1520 1283 ἄπειρονκαὶ
1542 1189 1676 1265 άτελεῦ

365 1321 472 1380 τητον
496 1293 586 1383 ζωήν
610 1323 644 1365 τε
667 1303 722 1365 καὶ
744 1302 916 1381 βασιλείαν
939 1303 988 1385 τῷ
1013 1304 1151 1386 Χριστῷ
1175 1294 1296 1379 διδούς,
1320 1302 1418 1378 τέλος
1433 1299 1468 1365 δέ
1483 1289 1576 1381 αὐτῷ
1600 1287 1677 1381 μηδ

363 1397 475 1464 αίσιον
501 1391 621 1483 ἐπάγοι
647 1391 727 1484 μηδ’
759 1396 834 1466 οἷον
865 1415 938 1477 τοῖς
968 1394 1009 1467 δι’
1041 1392 1147 1467 αὐτοῦ
1173 1404 1247 1467 τῶν
1277 1400 1488 1483 ἐπαγγελιῶν
1509 1404 1676 1477 καταξιω·

363 1501 567 1582 θησομένοις
590 1485 641 1565 ὧν
664 1490 767 1577 αὐτὸς
789 1489 808 1566 6
832 1494 947 1619 σωτῆρ
969 1493 1181 1585 ἐπήγγελται,
1206 1494 1340 1585 ζωὴν
1314 1495 1458 1565 αίοόνιον
1472 1500 1527 1563 καὶ
1543 1489 1678 1614 άφθαρ·

313 1601 346 1653 10
363 1599 438 1664 σίαν
459 1599 514 1667 31¹
536 1591 685 1665 άθανίασ
686 1624 729 1664 αν
760 1623 797 1664 τε
824 1601 878 1665 καὶ
902 1602 1072 1679 βασιλείαν
1094 1592 1252 1682 οῦρανῶν
1274 1612 1347 1677 τοῖς
1369 1590 1548 1681 άγαπιῦσιν
1570 1587 1678 1662 αῦτὸν

363 1691 608 1783 ὑποσχόμενος
632 1700 819 1782 τηνικαῦτα
842 1701 877 1764 δὲ
898 1693 988 1764 κατὰ
1011 1693 1075 1783 τὴν
1089 1700 1380 1816 προσδοκωμένην
1396 1691 1536 1764 τούτων
1557 1696 1678 1764 ἐλπίδα
1696 1704 1731 1757 23

364 1810 437 1873 τοῖς
457 1798 519 1881 μὲν
541 1792 659 1876 ἄλλοις
681 1785 807 1863 άπασιν
829 1793 872 1863 τὰ
895 1799 955 1911 τῆς
977 1800 1145 1876 βασιλείας
1167 1800 1213 1877 είς
1239 1788 1468 1881 ἀτελεύτητον
1490 1797 1679 1913 διαρκέσειν

364 1897 475 1961 αἰῶνα
497 1889 636 1977 φάσκοι,
658 1888 755 1981 μόνῳ
778 1898 813 1962 δὲ
836 1888 930 1981 αὐτῷ
958 1900 1008 1981 τῷ
1033 1899 1171 1981 Χριστῷ
1195 1891 1333 1965 τούτων
1354 1888 1521 1963 ἁπάντων
1544 1887 1679 1977 άθρόαν

364 1988 564 2080 γενήσεσθαι
587 1997 753 2079 στέρησιν,
775 1997 1036 2080 παυθησομίνης
1057 1998 1118 2079 μέν
1141 1988 1248 2062 αῦτοῦ
1269 1998 1331 2080 τῆς
1352 1998 1534 2074 βασιλείας,
1558 1995 1622 2079 τῆς
1645 1995 1679 2057 δὲ

313 2098 346 2150 15
365 2088 488 2177 σαρκὸς
520 2083 559 2179 ῆς
589 2087 772 2178 ἀνείληφεν
806 2096 1165 2180 καταληφθησομένης
1200 2089 1341 2180 ἐρήμου,
1377 2096 1436 2179 <av
1427 2088 1519 2179 >>τσῦ
1549 2094 1586 2160 δὲ
1618 2094 1681 2158 τοῦ

364 2186 538 2276 προόντος
569 2193 606 2260 ἐν
633 2196 706 2278 θεῷ
734 2185 838 2277 λόγου
864 2186 1112 2279 άφοριζομένου
1137 2196 1199 2280 μὲν
1220 2196 1283 2262 τοῦ
1305 2191 1462 2280 σώματος
1492 2185 1572 2275 (κᾶν
1595 2183 1680 2259 άθά·

365 2315 472 2358 νατον
494 2294 674 2359 τοῦτοκαὶ
697 2287 882 2375 ἄφθαρτον
908 2282 941 2376 η)
973 2297 1023 2377 τῷ
1051 2295 1086 2359 δὲ
1113 2297 1185 2375 θεῷ
1214 2296 1534 2378 συναφθησομένου,
1567 2284 1617 2369 οῦς
1644 2289 1682 2356 έν

363 2394 418 2458 καὶ
448 2384 577 2458 ταύτὸν
607 2385 714 2459 πάλιν
745 2396 795 2477 τῷ
819 2394 890 2476 θεῷ
913 2387 1112 2478 γενήσεσθαι
1133 2387 1226 2460 καθά
1248 2395 1300 2458 καὶ
1324 2385 1497 2475 πρότερον
1526 2378 1584 2476 ῆν·
1630 2393 1682 2468 τίς

364 2483 407 2555 ίαν
430 2494 584 2557 λείποιτο
606 2485 722 2576 τούτῳ
745 2491 933 2570 δυσσεβείας
954 2484 1139 2577 ῦπερβολῆ;
1166 2486 1218 2560 διὸ
1246 2487 1288 2577 δῆ
1310 2486 1446 2571 τούτοις
1468 2484 1638 2576 άναγκαία
1661 2481 1736 2572 ῆ21

311 2601 345 2656 20
364 2591 425 2672 τῆς
462 2582 691 2674 άποστσλικῆς
727 2591 908 2674 διαστολῆς
943 2595 1110 2676 μαρτυρία
1146 2585 1279 2676 φῆσασα
1311 2592 1316 2673 Ι
1352 2585 1434 2657 »κᾶν
1470 2585 1615 2674 ἄγγελος
1647 2589 1682 2670 ἐξ
1716 2600 1731 2653 λ

364 2682 512 2772 οῦρανοῦ
534 2681 788 2773 εῦαγγελίζηται
802 2682 882 2774 παρ)
899 2679 917 2755 6
933 2684 1148 2774 παρελάβετε,
1170 2684 1327 2773 ἀνάθεμα
1346 2687 1462 2755 ἔστωι.
1491 2683 1682 2775 θαυμάζειν

363 2791 400 2853 δέ
419 2814 476 2873 μοι
499 2788 625 2854 ἔπεισιν
648 2789 898 2906 ἐπιθεωροῦντι
922 2785 987 2874 τῆν
1008 2782 1242 2905 άποστολικῆν
1265 2781 1431 2856 διάνοιαν.
1475 2780 1594 2870 ὥσπερ
1617 2783 1682 2872 γάρ

362 2889 537 2968 θεσπίζων
559 2881 599 2952 τὸ
626 2889 753 2971 μέλλον
783 2880 899 2966 αὐτοῖς
922 2882 1094 2966 Γαλάταις
1124 2882 1189 3005 τῆν
1219 2890 1281 2954 τοῦ
1314 2888 1470 2971 σωτῆρος
1501 2887 1684 2971 ἐξηκρίβου

318 2989 555 3102 θεολογίαν,
580 2978 730 3052 ου’τόθεν
751 2978 831 3051 ἐν’
811 2991 896 3070 αρχῆ
919 2989 979 3071 τῆς
1001 2981 1087 3068 πρὸς
1114 2979 1238 3064 αῦτοῦς
1264 2986 1446 3104 ἐπιστολῆς
1473 2979 1683 3071 καινότερον

311 3098 344 3152 25
363 3075 384 3167 ῆ
405 3079 492 3150 κατὰ
515 3080 556 3151 τὸ
579 3079 726 3170 σύνηθες
747 3079 890 3203 γράφων
907 3073 973 3152 τόδε
992 3077 1363 3162 »Παῦλοςάπόστολος
1388 3077 1450 3153 οῦκ
1467 3077 1516 3152 άπ
1517 3077 1683 3169 ’ἀνθρώ

362 3207 442 3250 πων
473 3178 551 3250 οὐδὲ
582 3177 628 3250 δι’
659 3177 852 3268 άνθριόπου
882 3178 968 3250 άλλά
999 3180 1052 3251 διὰ
1079 3176 1183 3267 Ἰησοῦ
1206 3187 1387 3267 Χριστοῦι.
1431 3176 1493 3250 οῦκ
1526 3176 1571 3248 66
1599 3185 1738 3267 γοῦν25

363 3272 457 3348 οῦτω
479 3276 662 3366 γράψαντα
685 3274 776 3367 εῦροι
800 3308 851 3361 τις
874 3276 980 3351 αὐτὸν
995 3281 1133 3365 ἑτέροις·
1157 3286 1207 3367 τῷ
1229 3284 1374 3367 μηδένας
1394 3276 1545 3359 είναι,(
1515 3309 1565 3360 ως
1581 3277 1685 3361 εἰκός,

362 3387 439 3464 περὶ
462 3378 526 3467 τὴν
547 3387 664 3449 πίστιν
687 3374 824 3466 ὁμοίως,
848 3377 899 3459 οἶς
914 3381 1067 3467 ἔγραφεν,
1090 3377 1233 3463 ἑτέρους.
1271 3374 1319 3460 ιῦς
1334 3377 1395 3465 γὰρ
1411 3376 1518 3462 φιλὸν
1542 3375 1686 3465 άνθρω·

364 3506 433 3547 πον
468 3474 767 3566 ὑπολαμβάνουσιν
803 3477 867 3547 τὸν
898 3475 1047 3564 Χριστόν
1077 3482 1248 3564 προσῆγεν
1280 3475 1344 3565 τὴν
1375 3474 1581 3562 διόρθωσιν,
1622 3473 1687 3549 οῦκ

310 3595 344 3648 30
362 3574 557 3664 ἄνθρωπον
587 3574 695 3648 αὐτὸν
725 3574 813 3646 κατὰ
851 3574 915 3663 τῆν
946 3572 1052 3663 άρχῆν
1088 3581 1149 3663 τῆς
1185 3580 1366 3663 ἐπιστολῆς
1403 3573 1592 3646 διδάσκων·
1629 3585 1686 3647 καὶ

361 3677 496 3760 προϊών
519 3693 591 3755 τοῖς
612 3673 731 3757 αὐτοῖς
754 3676 875 3792 ἔλεγεν
891 3667 945 3743 ότι
971 3675 1028 3744 »τὸ
1051 3670 1245 3794 εὐαγγέλιόν
1264 3703 1344 3762 μου,
1372 3672 1414 3744 τό
1439 3671 1687 3764 εὐαγγελισθὲν

362 3769 449 3855 είς
429 3780 522 3861 υμᾶς,
546 3771 608 3844 οῦκ
630 3775 722 3842 ἔστιν
744 3770 832 3842 κατὰ
855 3770 1053 3858 ἄνθρωπον,
1077 3768 1154 3842 οῦδε
1174 3774 1240 3861 έγιῦ
1262 3772 1354 3858 παρὰ
1381 3768 1578 3859 άνθροόπου
1600 3803 1688 3862 παρ·

361 3878 485 3954 έλαβον
510 3868 593 3941 αῦτὸ
618 3868 696 3942 οῦδὲ
720 3866 911 3957 ἐδιδάχθην,
935 3865 1022 3940 άλλά
1046 3866 1092 3940 δι’
1110 3867 1360 3955 άπσκαλῦηεως
1375 3867 1481 3960 Ιησοῦ
1499 3880 1687 3960 Χριστοῦι

365 3966 414 4039 δι’
439 3999 491 4039 ων
512 3962 613 4051 αὖθις
635 3965 690 4039 ῦτι
717 3968 762 4057 μῆ
792 3968 980 4054 ἄνθρωπος
1009 3959 1052 4055 ῆν
1073 3963 1196 4055 Ἰησοῦς
1218 3970 1366 4056 Χριστός
1387 4000 1458 4059 παρ
1461 3981 1545 4060 στη
1592 3978 1628 4042 τί
1651 3978 1688 4043 δὲ
1707 3993 1744 4046 26

447 4139 498 4194 26
521 4138 578 4207 vgl.
605 4137 764 4191 1637—
793 4135 892 4190 4ΚοῙ.
921 4140 998 4202 1,15
1020 4135 1130 4190 -56
1152 4135 1208 4204 vgl.
1234 4136 1357 4192 Ντ.102.
1386 4142 1604 4199 103-17α
1629 4143 1688 4212 vgl.

361 4240 408 4294 Νι.
428 4242 478 4294 1111
495 4270 528 4278 -
547 4240 586 4293 20
603 4239 662 4292 Gal.
681 4242 706 4302 1,
723 4240 747 4292 8.
767 4239 783 4291 9
801 4266 834 4274 -
852 4237 890 4291 31
911 4235 971 4289 Gal.
990 4239 1013 4296 1,
1033 4238 1071 4288 ll.
1092 4238 1123 4288 12

449 4384 462 4437 1
485 4384 574 4451 φήσαι
593 4382 628 4434 Kl
647 4378 824 4450 φησίνθΙῦ
843 4369 907 4432 τότε
924 4390 966 4431 mr
986 4379 990 4444 Ι
1013 4378 1031 4432 θ
1052 4368 1094 4432 ὧν
1111 4396 1143 4432 zu
1161 4382 1250 4449 ⁸661
1272 4382 1309 4438 15
1329 4375 1420 4438 αὐτοῦ
1437 4382 1467 4437 δὲ
1484 4386 1690 4442 10511110555

361 4491 412 4539 τοῦ
430 4483 507 4549 We!
533 4484 570 4537 16
593 4479 646 4548 μὲν
664 4480 701 4533 Kl
724 4478 781 4547 vgl.
800 4478 919 4541 &6616
936 4475 967 4532 δὲ
985 4477 1009 4529 V
1029 4480 1033 4545 1
1054 4478 1091 4532 20
1112 4482 1246 4551 διαταγῆς
1264 4495 1304 4534 mr
1332 4484 1337 4550 Ι
1365 4484 1402 4538 27
1431 4481 1557 4554 μηδενὸς
1577 4487 1620 4540 V*
1639 4490 1691 4556 (μὴ

362 4586 443 4651 W),
463 4600 531 4637 corr.
551 4581 590 4634 V²
607 4599 631 4634 a.
650 4581 681 4633 R.
709 4581 712 4645 Ι
742 4578 779 4633 28
801 4570 921 4644 ἑτέρους]
944 4582 1082 4647 ρτίςυετιί
1104 4580 1156 4633 mit
1173 4582 1266 4651 Bezug
1288 4584 1338 4637 auf
1354 4583 1414 4638 Gal.
1434 4589 1457 4651 1,
1476 4585 1515 4641 62
1538 4586 1557 4640 l,
1583 4593 1692 4657 σφαγε.

361 4683 467 4757 ροάςλΙ
491 4683 531 4738 84
550 4669 594 4750 ῆν]
614 4687 645 4742 ÷
664 4676 750 4746 φιλδς
768 4694 795 4729 m
816 4678 819 4741 1
841 4676 880 4730 64
897 4677 935 4744 τί]
954 4678 994 4741 τίς
1011 4698 1039 4732 m
