3698 5510
579 493 615 549 de
633 492 819 550 οοεὶοιίοετὶοο
834 495 977 566 theologia
992 495 1005 548 1
1023 498 1116 553 9-11
1465 504 1505 566 69

189 652 273 741 πρός
295 654 365 729 τὸν
387 663 521 744 πατέρα
543 656 688 746 φυσικὴν
710 664 822 747 σχέσιν
843 666 1055 748 παρίστησιν
1078 655 1126 743 σός
1148 652 1191 731 οῦ
1212 658 1319 733 πάλιν
1339 661 1382 734 τὸ
1404 690 1503 752 μονο

188 749 329 844 γενές”
307 784 421 847 ονομα
450 764 507 829 καὶ
534 764 598 830 τοῦ
624 762 741 846 γένους
762 754 953 845 ἐφάπτεται
974 763 1093 830 κάλ’
1052 788 1113 849 της
1134 768 1295 848 γενέσεως
1321 756 1426 851 αὐτῆς
1447 790 1503 833 και

188 861 248 927 τοῦ
268 852 386 946 μόνον
408 859 493 929 εἷναι
514 865 571 929 καὶ
592 864 778 947 μηδέτερον
800 853 895 948 αὐτῷ
918 864 979 948 τῆς
1000 855 1160 947 υλότητος
1182 879 1371 933 κοινωνεῖν.
1394 866 1399 947 1
1427 857 1501 932 ἀλλ’
1521 878 1560 936 69

186 960 340 1028 ἐοίκασιν
364 952 495 1028 τοῦτόν
516 963 706 1047 Μαρκέλλῳ
727 954 844 1041 πάθος
863 963 1078 1031 πεπονθέναι
1098 964 1154 1029 καὶ
1176 950 1281 1032 οὗτοι
1318 955 1420 1050 ὁμὲν
1437 960 1501 1051 γὰρ
1535 982 1552 1032 4

154 1061 250 1126 δδέει
273 1062 342 1128 τοῦ
365 1055 410 1146 μὴ
434 1054 494 1129 δύο
520 1056 623 1139 θεοὺς
649 1060 756 1129 εἰπεῖν
786 1055 852 1147 τὴν
881 1056 1025 1146 ἄρνησιν
1054 1065 1119 1131 τοῦ
1148 1063 1223 1131 υἱοῦ
1252 1057 1501 1150 προύβάλλετο,

184 1153 248 1244 τὴν
274 1151 473 1227 ὑπόστασιν
498 1152 707 1229 ἇθετοῦν’
663 1161 779 1229 αυτοῦ
821 1159 852 1229 ολ
884 1161 920 1228 δὲ
949 1154 1010 1228 δῦο
1041 1154 1211 1241 δόντες(
1189 1157 1402 1246 υποστάσεις,
1436 1160 1501 1249 τὴν

182 1260 243 1342 μέν
275 1251 452 1346 ἀγένητον
486 1253 551 1345 τὴν
588 1252 621 1327 δ’
657 1259 693 1343 ἐξ
728 1252 792 1328 οῦκ
827 1249 944 1328 όντων
979 1267 1188 1343 κτισθεῖσαν,
1226 1259 1285 1330 ἕνα
1319 1265 1380 1349 μέν
1416 1260 1502 1331 θεὸν

181 1349 406 1439 ὑφίστανται·
449 1349 527 1428 όδέ
547 1353 620 1438 υίὸς
642 1351 753 1430 οῦκέτ
780 1352 896 1439 αὐτοῖς
921 1347 1002 1428 οῦτε
1032 1352 1051 1429 5
1081 1356 1268 1478 μονογενὴς
1297 1360 1390 1430 ἔσται
1421 1351 1501 1431 οὔτε

181 1454 248 1543 μὴν
280 1452 417 1544 κύριος,
448 1447 528 1526 οὔτε
558 1451 653 1540 θεός,
688 1459 794 1580 μηδὲν
821 1462 883 1545 μέν
921 1460 1160 1529 ἐπικοινωνεῖν
1193 1464 1236 1547 τῇ
1270 1463 1334 1531 τοῦ
1368 1456 1500 1546 πατρὸς

136 1566 165 1621 10
181 1550 345 1644 θεότητι,
369 1572 443 1638 τοῖς
464 1561 500 1628 δὲ
522 1565 655 1636 λοιποῖς
676 1561 865 1643 κτίσμασιν,
896 1551 985 1627 καθ
1016 1549 1035 1627 5
1065 1560 1101 1643 ἐξ
1131 1552 1193 1630 οῦκ
1220 1549 1335 1629 όντων
1359 1552 1498 1645 ῦπέστη,

181 1650 498 1745 παραβαλλόμενος.
541 1650 616 1726 άλλ
639 1651 700 1744 οῦχ
721 1647 835 1738 οῦτως
855 1685 876 1745 η
866 1651 1068 1744 (ἐκκλησία
1091 1654 1155 1728 τὸν
1177 1652 1209 1728 δ’
1231 1653 1308 1728 υἱὸν
1329 1661 1392 1727 τοῦ
1413 1662 1498 1727 θεοῦ
1533 1676 1548 1729 5

180 1753 268 1825 θεὸν
304 1761 363 1825 καὶ
399 1751 519 1843 κόριον
549 1748 789 1843 άνακηρῦττει,
824 1761 881 1828 καλ
917 1752 1059 1845 άληθῶς
1092 1752 1168 1827 υίὸν
1203 1755 1289 1827 εἶναι
1323 1761 1379 1827 καὶ
1415 1754 1500 1828 θεὸν

179 1850 350 1926 διδάσκει·
394 1849 436 1925 οῦ
465 1850 553 1925 κατὰ
581 1852 661 1935 τοῦς
687 1853 838 1938 πολλοὺς
860 1854 942 1939 τοῦς
962 1860 1107 1945 ἐπίκλην
1129 1850 1386 1945 ὀνομασθέντας
1407 1854 1501 1938 υἱούς

181 1981 216 2024 τε
239 1961 300 2024 καὶ
325 1952 438 2037 θεοῦς,
460 1958 538 2043 περὶ
561 1945 613 2025 σόν
634 1956 764 2042 εἴρηται
787 1954 873 2043 »ἐγώ
895 1956 973 2027 εἶπα
993 1963 1071 2027 θεοί
1092 1958 1167 2026 ἐστε
1187 1960 1244 2025 καὶ
1265 1958 1331 2027 υἱοὶ
1351 1949 1499 2042 ῦφίστου

133 2067 163 2120 15
178 2052 345 2138 πάντεςι,
368 2050 452 2125 καθ’
469 2045 488 2124 5
504 2058 540 2124 δέ
554 2049 659 2144 μόνος
673 2049 777 2137 αῦτὸς
798 2048 818 2126 5
840 2059 876 2141 ἐξ
897 2050 1004 2128 αῦτοῦ
1024 2061 1202 2144 γεννηθείς
1215 2060 1280 2126 τοῦ
1293 2053 1426 2143 πατρὸς
1444 2057 1500 2125 »ἐν

179 2162 301 2244 μορφῇ
325 2161 411 2226 θεοῦ
431 2148 611 2242 δπῆρχενι,
636 2151 774 2225 »εἰκόνι
799 2148 829 2222 τ’
846 2144 890 2242 ἦν
906 2159 989 2226 »τοῦ
1007 2159 1093 2227 θεοῦ
1107 2160 1163 2227 51*
1185 2160 1248 2226 τοῦ
1269 2149 1422 2244 άοράτου
1443 2160 1499 2224 καλ

178 2252 413 2341 πρωτότοκος
435 2248 568 2342 άπάσης
587 2256 758 2337 κτίσεωςι.
800 2250 854 2324 διὸ
876 2260 932 2324 καὶ
954 2258 1056 2342 τιμάν
1076 2259 1133 2326 καὶ
1155 2260 1262 2339 σέβειν
1282 2258 1338 2325 καλ
1352 2275 1498 2341 προσκυ·

180 2373 253 2426 νειυ
268 2350 382 2444 μόνον
403 2349 519 2437 αὐτόν,
543 2349 661 2424 οἶμ’
618 2378 738 2441 κυριον
752 2357 809 2424 καὶ
823 2358 963 2442 σωτῆρα
976 2358 1033 2423 καί
1048 2351 1133 2425 θεὸν
1148 2353 1277 2442 ἑαυτῆς
1292 2349 1497 2442 μεμάθηκεν.

265 2459 310 2527 11
331 2459 361 2525 εἰ
391 2458 427 2524 δέ
457 2448 567 2541 φόβον
589 2447 705 2535 αῦτολς
731 2455 875 2542 ἐμποιεῖ
906 2451 951 2542 μή
981 2479 1030 2540 πη
1060 2450 1125 2540 ἄρα
1155 2449 1216 2526 δῦο
1248 2449 1398 2533 θεοῦς’
1377 2480 1497 2541 αναγο·
1515 2461 1593 2532 ὅπως
1630 2462 1682 2525 ἕνα

132 2561 165 2616 20
179 2552 296 2640 ρεῦειν
318 2550 466 2640 δόξαιεν
493 2548 694 2623 λστανσαν“
665 2581 713 2634 ως
735 2557 790 2622 καὶ
812 2580 876 2623 του
860 2554 971 2623 υἱοῦ
992 2550 1080 2640 πρὸς
1101 2546 1199 2640 ἡμῶν
1221 2546 1497 2641 ὁμολογουμένου
1513 2533 1599 2672 θῑῦἶη
1602 2535 1648 2660 1,
1638 2533 1681 2592 3²

180 2659 269 2723 θεοῦ
293 2650 381 2736 τίς
362 2682 405 2724 αν
427 2657 561 2742 γένοιτο
584 2648 666 2734 θεὸς
692 2647 798 2741 μόνος
824 2645 1011 2735 ἐκεῖνος,
992 2646 1137 2740 ομόνος
1145 2648 1313 2771 ἄναρχος
1325 2655 1380 2720 καί
1402 2647 1496 2739 άγέν·
1525 2620 1664 2791 7550521,

179 2779 303 2840 νητος,
334 2747 354 2824 5
386 2751 451 2842 τὴν
479 2746 631 2841 θεότητα
661 2756 790 2823 οἰκείαν
819 2756 1036 2880 κεκτημένος,
1068 2746 1163 2867 αὐτῷ
1194 2778 1232 2821 τε
1262 2756 1314 2840 τῷ
1341 2753 1405 2840 υλῷ
1433 2779 1496 2822 του
1481 2737 1680 2861 ’κῖὸῖοιθῖὸὸν

180 2854 270 2923 εἶναι
291 2860 349 2923 καλ
371 2881 436 2923 του
419 2857 579 2942 ’τοιοῦδε
602 2851 687 2922 εἶναι
709 2849 858 2940 γεγονώς
881 2854 1000 2932 αἴτιος·
1036 2841 1117 2919 δι’
1105 2843 1147 2920 δν
1173 2857 1229 2921 καὶ
1256 2846 1361 2934 αῦτὸς
1383 2880 1402 2922 ο
1392 2845 1496 2934 υίὸς
1522 2824 1673 2930 υέκνοεὶά

180 2946 347 3040 ὁμολογεῖ
375 2956 449 3041 ζῆν,
481 2950 641 3041 ἄντικρυς
666 2955 778 3039 λέγων
806 2949 942 3032 »καθώς
963 2944 1161 3021 ἀπέστειλέν
1182 2975 1223 3038 με
1244 2943 1264 3020 5
1287 2957 1358 3036 ζῶν
1378 2949 1493 3040 πατὴρ
1523 2934 1598 3063 511αὲ
1614 2959 1665 2997 ⁷¹⁰·

132 3056 163 3112 25
179 3047 278 3140 κᾶγώ
303 3055 351 3137 ζῶ
373 3049 427 3122 διὰ
455 3047 519 3122 τόν
548 3056 699 3139 πατέραι
731 3057 789 3120 καλ
821 3045 955 3138 »ὥσπερ
982 3048 1045 3137 γὰρ
1073 3043 1092 3120 5
1118 3047 1232 3139 πατὴρ
1256 3051 1348 3138 ζωὴν
1368 3050 1494 3137 ἔχειέν
1540 3028 1577 3080 ρα
1555 3026 1654 3146 „55⁰

181 3150 312 3240 εαυτῷ,
343 3144 457 3232 οὕτως
489 3155 543 3219 καλ
576 3155 629 3237 τῷ
655 3152 718 3239 υἱῷ
746 3151 874 3221 έδωκεν
896 3147 1319 3238 ζωὴνέχεινένέαυτῴι.
1361 3147 1492 3220 διὸκαὶ
1527 3161 1544 3214 2

180 3245 281 3340 ἡμῶν
311 3257 368 3320 καί
402 3248 526 3321 ἑαυτοῦ
561 3246 646 3321 θεὸν
676 3222 763 3320 είναι
792 3244 939 3320 διδάσκει
969 3245 1034 3319 τὸν
1063 3250 1255 3333 πατέρα,ἐ
1257 3275 1277 3318 ν
1308 3247 1359 3329 οἷς
1389 3272 1493 3337 φησιν

183 3347 384 3439 »ἀνέρχομαι
405 3346 493 3436 πρὸς
514 3344 578 3420 τόν
602 3354 734 3436 πατέρα
761 3375 827 3436 μου
852 3355 909 3419 καλ
938 3352 1070 3433 πατέρα
1098 3341 1195 3435 δμῶν
1224 3354 1281 3416 καί
1312 3342 1398 3417 θεόν
1426 3375 1492 3435 μου

179 3458 237 3522 καλ
261 3448 347 3521 θεὸν
368 3444 494 3538 ῦμιῦνι.
529 3453 585 3519 καὶ
607 3446 760 3538 κεφαλὴν
780 3452 816 3517 δέ
837 3442 944 3519 αὐτοῦ
965 3451 1026 3535 μὲν
1047 3450 1111 3518 τοῦ
1132 3448 1208 3516 υλοῦ
1228 3443 1292 3518 τόν
1313 3442 1408 3529 θεόν,
1432 3451 1493 3536 τῆς

132 3557 164 3613 ³0
181 3545 213 3619 δ’
247 3554 436 3638 ἐκΙκλησίας
465 3545 530 3617 τὸν
558 3545 635 3618 υἱὸν
657 3540 676 3617 5
699 3553 802 3636 μέγας
828 3541 1023 3628 ἀπόστολος
1049 3541 1205 3629 διδάσκει,
1227 3550 1276 3634 πῆ
1297 3550 1360 3633 μὲν
1381 3551 1492 3634 λέγων
1511 3559 1550 3616 λθ

184 3647 334 3739 »κεφαλὴ
344 3653 380 3720 δέ
389 3653 453 3718 τοῦ
463 3652 614 3735 Χριστοῦ
629 3640 772 3729 δθεόςι,
787 3651 836 3735 πῆ
846 3650 882 3716 δὲ
897 3652 974 3732 περὶ
984 3649 1047 3716 τοῦ
1056 3646 1131 3716 υἱοῦ
1146 3640 1290 3730 φάσκων
1302 3640 1492 3716 »καὶαῦτόν

180 3751 310 3820 ἐδωκεν
331 3745 486 3835 κεφαλὴν
504 3742 588 3833 ῦπέρ
604 3741 720 3818 πάντα
720 3775 777 3868 τη
762 3739 1005 3836 ἐκκλησίᾳῇ
983 3772 1058 3833 ητις
1079 3740 1223 3814 ἐστίν
1187 3771 1228 3814 το
1244 3748 1340 3832 στῦμα
1355 3739 1490 3815 αῦτοῦι.

179 3846 309 3920 οὐκοῦν
330 3851 392 3936 τῆς
413 3853 452 3936 μέ
456 3874 475 3916 ν
496 3840 730 3932 ἐκκλησίας
686 3843 790 3926 αυτὸς
805 3841 949 3933 άρχηγός
971 3839 1015 3913 51¹
1029 3847 1080 3933 εἴη
1094 3850 1151 3913 καὶ
1165 3839 1307 3932 κεφαλή,
1323 3843 1541 3933 <κεφαλη>3

179 3951 216 4017 δὲ
239 3943 346 4017 αῦτοῦ
368 3942 387 4016 5
407 3941 535 4034 πατήρ
557 3937 670 4028 οῦτως
692 3943 739 4026 εἷς
760 3937 874 4026 θεὸςό
897 3948 960 4013 τοῦ
974 3948 1179 4032 μονογενοῦς
1199 3939 1411 4031 υιοῦπατήρ,
1433 3950 1490 4013 καὶ

131 4055 163 4113 36
178 4043 281 4133 μίαι
261 4075 282 4136 η
303 4052 357 4116 καί
381 4040 487 4115 αὐτοῦ
509 4049 573 4115 τοῦ
596 4049 746 4130 Χριστοῦ
771 4039 910 4132 κεφαλή.
952 4047 1054 4210 μιῦςό
1059 4047 1095 4112 δέ
1123 4034 1225 4131 οῦσης
1250 4037 1352 4130 ἀρχῆς
1374 4069 1411 4111 τε
1433 4049 1488 4112 καί

178 4150 344 4235 κεφαλῆς,
370 4149 448 4226 πῶς
473 4139 517 4213 άν
543 4150 697 4233 γένοιντο
720 4147 795 4213 θεοὶ
826 4139 899 4225 δύο,
930 4137 1069 4229 οῦχλδέ
1099 4138 1148 4224 ελς
1177 4143 1304 4222 ἐκεῖνος
1333 4138 1438 4227 μόνος
1469 4135 1488 4211 5

268 4314 306 4371 14
324 4315 445 4378 Ρε.81,6
464 4343 497 4352 -
516 4313 553 4369 15
572 4311 642 4369 Phil.
652 4313 702 4378 2‚7
720 4340 753 4352 -
770 4310 878 4368 161101.
888 4315 912 4378 1,
923 4313 1006 4367 15
1024 4309 1064 4366 24
1082 4309 1178 4375 John,
1188 4312 1272 4365 ολ
1291 4308 1329 4364 25
1348 4309 1487 4374 Joh.5,26

177 4445 213 4457 -
231 4414 271 4473 28
289 4415 351 4471 Job.
369 4415 410 4477 20,
430 4416 462 4469 17
481 4443 513 4454 -
532 4414 569 4470 81
589 4413 602 4466 Ι
619 4413 684 4469 Kor.
703 4416 744 4479 11,
761 4415 778 4467 3
795 4440 829 4451 -
847 4410 916 4482 Ερλι
935 4414 959 4479 1,
977 4412 1019 4466 22.
1036 4413 1069 4465 23

263 4562 655 4635 2γενήσεοις1’,οοπ.(1ο1
682 4560 750 4620 85²
767 4570 800 4623 <
817 4580 846 4617 m
871 4564 876 4630 1
903 4558 1022 4619 81οίιδλ
1040 4602 1046 4614 .
1066 4602 1073 4616 .
1091 4602 1097 4614 .
1116 4558 1182 4616 οὐδὲ
1198 4600 1205 4615 .
1224 4601 1231 4616 .
1249 4601 1257 4618 .
1276 4557 1342 4617 οίιδέ
1360 4563 1398 4627 V,
1417 4579 1484 4617 corr.

179 4667 232 4722 We
258 4669 263 4735 Ι
290 4667 330 4723 81)
352 4671 392 4735 πῆ
409 4664 462 4733 μὲν
481 4662 645 4733 111va
671 4665 675 4730 Ι
702 4663 741 4718 88
762 4665 885 4733 κεφαληλ
903 4664 938 4717 Kl
956 4663 1012 4734 vgl.
1030 4663 1077 4719 Mo
1104 4665 1109 4732 Ι
1136 4661 1176 4718 84
1204 4652 1288 4727 οὗτος
1308 4662 1340 4729 V,
1359 4679 1428 4718 corr.
1448 4663 1485 4717 Κ]
