3728 5508
650 487 746 539 contra
763 483 925 539 Marcellum
943 484 955 536 1
972 485 997 537 4.
1437 488 1476 549 29

233 643 291 718 δόο
310 652 403 729 είσίν,
426 643 532 718 αῦτοῦ
547 652 610 718 τοῦ
624 655 742 736 κυρίου
760 650 1016 736 μαρτυροῦντος
1030 651 1086 716 καὶ
1107 652 1182 718 τῶν
1203 640 1311 733 ἀγίων
1334 651 1476 734 γραφῶν

231 751 267 817 ἐκ
295 753 417 836 μέρους
447 742 643 836 ήκοόσαμεν.
686 749 714 817 εί
744 755 862 819 τοίνυν
894 741 1085 833 Νάρκισσος
1117 742 1171 816 διὰ
1201 750 1306 816 τοῦτο
1337 750 1477 835 διαιρεῖν

231 842 366 935 δυνάμει
396 844 460 916 τὸν
496 842 600 935 λόγον
630 853 694 918 τοῦ
727 846 858 936 πατρὸς
895 850 1023 930 ἐθέλοι,
1053 844 1180 932 γνοότω
1211 837 1266 916 ότι
1296 839 1315 915 6
1347 842 1477 934 γράψας

230 943 412 1035 προφήτης
442 945 490 1029 οῦς
521 952 583 1018 τοῦ
613 951 698 1017 θεοῦ
727 942 902 1035 εἰρηκότος
935 944 1150 1038 »ποιήσωμεν
1179 943 1369 1033 ἀνθρωπον
1402 940 1476 1017 κατ’

144 1055 158 1107 5
230 1040 345 1116 είκόνα
367 1042 534 1136 ἡμετέραν
547 1051 603 1116 καὶ
618 1041 698 1117 καθ’
715 1041 907 1135 όμοίωσινι,
929 1044 1033 1130 αὐτὸς
1047 1051 1214 1134 γέγραφεν
1232 1051 1304 1116 »καί
1319 1049 1478 1134 ἐποίησεν

230 1140 248 1215 6
271 1143 354 1227 θεὸς
375 1144 442 1216 τὸν
463 1143 685 1265 ἀνθρωπονι.

171 1251 222 1315 καὶ
242 1242 432 1333 μεταβὰς’
411 1243 479 1316 απὸ
502 1253 695 1333 Ναρκίσσου
716 1250 771 1317 ἐπὶ
792 1243 856 1317 τόν
878 1240 1048 1333 Ἀστέριον
1070 1251 1179 1317 ταῦτα
1201 1242 1323 1336 γράφει
1494 1259 1528 1312 55

228 1347 297 1427 (Nr.
328 1347 453 1434 63)ἐν
434 1343 546 1433 νγὰρ
576 1346 660 1416 είναι
690 1353 746 1417 καὶ
780 1341 909 1416 ταάτόν
938 1342 1105 1435 Ἀστέριος
1135 1343 1222 1417 κατά
1258 1349 1363 1415 τοῦτο
1399 1339 1477 1414 ἀπι-

229 1441 367 1534 φήνατο
402 1441 511 1532 μόνον
548 1441 611 1517 τόν
645 1452 777 1535 πατέρα
811 1452 866 1516 καὶ
901 1444 965 1517 τόν
999 1442 1089 1531 υίόν,
1126 1442 1209 1516 καθ’
1246 1438 1265 1515 6
1301 1449 1338 1515 ἐν
1372 1449 1478 1514 πᾶσιν

129 1559 158 1613 10
229 1550 481 1633 συμφωνοῦσιν.
524 1539 619 1615 οῦτω
642 1544 705 1634 γάρ
728 1549 805 1635 ἔφη·
841 1553 906 1615 καὶ
936 1545 999 1617 διὰ
1029 1544 1103 1635 τήν
1130 1550 1171 1616 ἐν
1197 1540 1477 1631 πᾶσινλόγοις

228 1671 269 1714 τε
305 1651 370 1714 καὶ
401 1646 533 1733 ἔργοις
563 1641 702 1735 ἀκριβῆ
733 1653 969 1735 συμφωνίαν
1007 1647 1099 1734 »ἐγώ
1131 1649 1195 1716 καὶ
1225 1640 1244 1715 6
1274 1643 1405 1733 πατὴρ
1437 1643 1477 1714 ἐν

229 1747 376 1833 έσμενι.

170 1849 221 1913 καὶ
242 1840 352 1916 πάλιν
374 1849 437 1915 τοῦ
460 1840 620 1931 Εόσεβίου
639 1841 855 1917 καθάπτεται
878 1851 989 1934 λέγων

229 1948 298 2029 (Νι.
322 1952 374 2030 89)
398 1942 593 2033 ἄνθρωπον
623 1941 686 2033 γάρ
718 1942 781 2015 τὸν
803 1950 943 2034 σωτῆρα
964 1946 1050 2016 είναι
1075 1942 1271 2030 βούλονται·
1308 1947 1415 2031 δῆλον
1441 1946 1477 2012 δὲ

127 2058 155 2109 15
228 2038 287 2130 ἀφ’
322 2034 374 2113 οῦν
394 2041 598 2131 πανούργως
631 2043 675 2114 τὰ
705 2050 768 2114 τοῦ
798 2040 995 2118 ἀποστόλου
1025 2043 1112 2133 ῥητὰ
1135 2039 1292 2126 Εὐσέβιος
1321 2040 1409 2132 πρὸς
1436 2039 1477 2112 τό

230 2145 355 2216 ἑαυτοῦ
381 2140 585 2233 μετήνεγκεν
615 2141 773 2233 βούλημα.
816 2141 864 2227 ιός
896 2144 958 2233 γάρ
988 2149 1025 2215 ἐκ
1057 2149 1204 2227 παλαιᾶς
1230 2170 1327 2224 τινος
1353 2137 1477 2224 οόδῑνος
1495 2156 1529 2211 56

228 2251 391 2332 μεγίστην
421 2238 609 2331 ἀποκυῆσαι
638 2240 860 2364 βουλόμενος·
873 2251 1101 2333 βλασφημίαν.
1141 2247 1285 2331 »ἐξέχεεν
1316 2237 1384 2312 ἀπὸ
1415 2246 1479 2312 τοῦ

228 2347 320 2414 ίδίου
351 2349 541 2433 θησαυροῦ(
579 2343 665 2414 κατὰ
701 2342 767 2433 τήν
797 2350 860 2417 τοῦ
890 2351 1047 2433 σωτῆρος
1072 2344 1171 2432 ῥῆσιν
1204 2340 1262 2412 »τὸ
1293 2338 1479 2430 πονηρόν(

230 2441 426 2564 ἀνθρωπον
448 2443 510 2530 γὰρ
531 2440 641 2532 μόνον
663 2441 726 2514 τόν
747 2450 886 2533 σωτῆρα
902 2450 1005 2529 δείξαι
1020 2437 1234 2529 βουλόμενος,
1257 2437 1306 2521 οῦς
1320 2445 1479 2529 μέγιστον
1496 2449 1528 2504 57

137 2598 139 2601 .
230 2537 312 2669 ῆμῑν
334 2537 533 2631 ἀπόρρητον
557 2548 618 2614 τοῦ
639 2539 838 2615 ἀποστόλου
858 2540 1111 2616 ἀνακαλύπτων
1136 2537 1336 2631 μυστήριον,
1368 2531 1479 2621 οῦτιος

230 2645 310 2731 ἔφη·
347 2639 408 2761 διό
439 2646 670 2729 σαφέστατα
700 2637 815 2713 xal‘
796 2672 814 2714 ο
849 2654 960 2725 θεῖος
991 2637 1218 2722 ἀπόστολος
1251 2637 1324 2729 τὴν
1359 2633 1479 2725 ἀπόρ-

227 2767 353 2829 ρητον
381 2734 470 2828 ἡμῖν
500 2748 564 2812 καὶ
586 2741 780 2831 μυστικὴν
810 2741 1054 2830 παραδιδοὺς
1084 2744 1299 2827 θεολογίαν
1321 2743 1392 2830 βοᾷ
1414 2746 1479 2809 καὶ

228 2846 422 2928 κέκραγεν
447 2836 522 2922 »είς
544 2836 563 2911 6
586 2838 711 2925 θεόςι,
734 2844 818 2912 είτα
840 2840 937 2930 μετὰ
959 2840 1031 2913 τὸν
1055 2842 1122 2911 ἕνα
1146 2838 1243 2912 θεόν
1262 2860 1382 2927 φησιν
1407 2838 1479 2920 »είς

229 2945 391 3029 μεσίτης
415 2946 513 3011 θεοῦ
536 2948 600 3011 καὶ
619 2938 863 3029 ἀνθρώπων,
888 2939 1104 3029 ἄνθρωπος
1120 2935 1479 3028 ΧριστόςἸησοῦςι.

141 3060 150 3070 ·
230 3046 259 3109 εί
290 3043 410 3110 τοίνυν
443 3036 634 3126 ἄνθρωπον
664 3037 772 3113 αὐτὸν
801 3042 886 3111 είναί
916 3065 1019 3130 φησιν
1048 3048 1091 3129 τῆ
1121 3038 1209 3111 κατὰ
1241 3036 1346 3127 σάρκα
1373 3035 1479 3110 αὐτοῦ
1496 3049 1530 3104 58

229 3133 320 3226 μόνη
341 3143 521 3226 προσέχων
543 3144 732 3232 οἰκονομίᾳ
755 3139 896 3222 πάντως
916 3138 1053 3213 κάκεῖνο
1076 3150 1311 3228 συνομολογει
1334 3138 1376 3211 τό
1398 3145 1480 3228 μηδὲ

229 3240 319 3326 ἔχειν
338 3241 458 3307 ἐλπίδα
480 3233 532 3308 ἐπ’
555 3234 669 3311 αὐτόν.
716 3239 999 3327 »ἐπικατάρατοςι
1024 3238 1087 3328 γὰρ
1113 3238 1336 3328 »ἀνθρωποςι
1362 3233 1381 3308 6
1397 3265 1479 3327 προ-

216 3333 345 3456 ,φῆτης
365 3331 555 3458 Ἱερεμίας
540 3364 604 3424 εφη
630 3332 687 3422 τός
709 3340 774 3429 τήν
755 3344 954 3412 mama*
939 3368 1001 3428 εχει
1024 3334 1076 3410 ἐπ’
1100 3338 1320 3458 ῆνθρωπονι.

172 3430 251 3528 δρᾷς
274 3428 372 3518 ὅπως
395 3432 415 3524 6
437 3445 537 3507 κακία
566 3438 773 3524 τυφλώττει.
816 3438 895 3511 τότε
927 3447 1010 3528 γοῦν
1036 3436 1139 3520 αῦτός
1160 3434 1374 3527 μαρτυρήσας
1395 3432 1480 3508 θεὸν
1498 3451 1531 3506 59

126 3529 399 3624 3οόμολογοῦντι
423 3534 487 3606 τὸν
508 3534 595 3619 υίόν,
626 3535 842 3658 μεμφόμενός
873 3569 909 3609 τε
932 3544 985 3610 ἐπὶ
1009 3538 1123 3628 τούτῳ
1156 3533 1209 3621 ιός
1239 3537 1338 3608 θεὸν
1368 3532 1481 3629 οόσίᾳ

171 3642 232 3705 καὶ
270 3631 434 3723 δυνάμει
464 3632 677 3721 ἀφεστῶτα
714 3635 786 3708 τόν
817 3645 888 3709 τοῦ
919 3645 1016 3709 θεοῦ
1046 3634 1170 3726 λόγον
1199 3634 1380 3726 είσάγοντι,
1418 3643 1482 3707 νῦν

173 3734 234 3805 τὸν
265 3731 374 3805 αῦτὸν
410 3756 621 3823 συκοφαντεῖ
654 3767 702 3817 ως
743 3736 848 3822 ηιλόν
884 3737 1076 3825 ἄνθρωπον
1111 3744 1255 3826 λέγοντα
1295 3738 1379 3808 εἶναι
1419 3735 1481 3808 τόν

175 3831 335 3921 Χριστόν,
365 3860 555 3922 προφανως
586 3834 880 3926 καταψευδόμενος
908 3838 944 3908 ἐν
975 3866 1012 3907 τε
1043 3836 1147 3919 οίς”
1117 3865 1248 3927 ειρηκεν
1276 3844 1331 3908 καὶ
1364 3842 1402 3907 ἐν
1431 3836 1482 3919 οίς

173 3933 247 4022 ἑξῆς
269 3930 385 4021 ἐπάγει
405 3926 504 4017 αὖθις
525 3942 601 4022 περὶ
623 3932 730 4007 αότοῦ
753 3942 863 4025 λέγων

258 4154 277 4209 4
297 4154 365 4210 Gen.
384 4156 408 4218 1,
426 4154 459 4210 26
481 4185 514 4193 -
537 4155 555 4210 5
574 4155 641 4210 Gen.
661 4160 684 4221 1,
702 4160 735 4211 27
753 4189 786 4197 -
806 4160 841 4214 ll
862 4159 923 4214 Joh.
944 4160 983 4220 10,
1002 4160 1036 4213 30
1053 4188 1087 4197 -
1106 4159 1144 4215 16
1162 4158 1216 4227 vgl.
1236 4158 1261 4214 S.
1279 4159 1321 4221 27,
1340 4160 1372 4212 22
1391 4188 1423 4197 -
1443 4159 1479 4213 17

174 4254 273 4310 Mam»
292 4256 333 4319 12,
345 4255 378 4309 35
395 4285 430 4294 -
452 4256 492 4312 28
510 4257 523 4310 I
539 4257 609 4311 Tim.
627 4258 679 4320 2,5
697 4288 730 4299 -
748 4260 783 4315 27
804 4259 857 4315 Jer.
878 4263 946 4323 17,5
965 4288 997 4299 -
1016 4259 1082 4316 2⁰1
1097 4260 1151 4330 vgl.
1170 4259 1215 4313 Nr.
1235 4262 1311 4315 7211.
1330 4260 1354 4314 S.
1374 4261 1414 4327 27,
1433 4260 1485 4313 27ί

173 4384 206 4395 -
223 4356 286 4412 alt
301 4356 356 4426 vgl.
374 4357 400 4412 S.
418 4359 459 4425 27,
478 4358 536 4413 30f.
565 4360 606 4421 30,
625 4360 678 4414 33f

261 4557 298 4612 11
317 4558 421 4630 πατὴρ]
441 4565 473 4622 ·ί·
492 4554 577 4628 ἔφητ
600 4561 604 4626 Ι
630 4561 668 4616 14
695 4559 827 4632 βούλεται
845 4581 872 4615 m
896 4564 900 4629 Ι
924 4562 964 4617 20
990 4560 1482 4633 106616106We;od.ffigenaoh

175 4656 268 4727 ῆμῖυνι
287 4659 336 4714 καί
355 4659 418 4714 ein?
442 4660 446 4726 Ι
470 4661 510 4716 29
529 4660 593 4717 τότε
613 4662 648 4715 Kl
666 4662 798 4717 ramv
