3728 5508
665 462 762 516 eontra
778 461 941 517 Marcellum
958 460 984 515 11
1001 460 1025 516 2.
1466 471 1505 534 37

260 630 331 713 (Nr.
346 632 398 712 47)
420 620 463 697 ἵν’
486 629 523 697 ἐν
543 630 605 715 μὲν
626 630 677 715 τῷ
700 631 805 715 φῆσαι
829 628 884 696 »ἐν
905 620 990 715 άρχῇ
1011 614 1054 713 ἦν
1076 617 1230 712 όλύγοςι
1255 631 1346 713 δείξη
1368 625 1506 718 δυνάμει

259 729 301 798 ἐν
320 733 371 815 τῷ
393 731 497 813 πατρί
519 723 605 796 είναι
626 725 690 798 τὸν
712 721 818 815 λόγον
840 727 911 812 ([έν]
934 719 1018 814 άρχὴ
1040 723 1104 814 γὰρ
1126 720 1296 796 άπάντων
1318 732 1393 797 τῶν
1414 755 1505 819 γεγο·

259 824 377 899 νότων
399 819 418 896 5
440 823 522 907 θεὸς
545 828 599 910 »ἐξ
621 816 662 896 οῦ
683 823 727 895 τὰ
748 822 906 911 πόντοι),
929 827 966 895 ἐν
986 829 1023 894 δὲ
1045 830 1096 913 τῷ
1121 832 1195 897 »καὶ
1211 820 1230 896 5
1245 822 1346 914 λόγος
1360 817 1505 918 ἦνπρός

258 925 324 998 τόν
345 923 447 998 θεὸνι
472 928 619 1016 ἐνεργείᾳ
639 922 726 1014 πρὸς
741 922 805 996 τὸν
826 922 911 996 θεὸν
933 926 1020 997 εἰναι
1042 924 1105 996 τόν
1127 922 1232 1014 λόγον
1254 921 1419 1013 (επάνται
1443 927 1505 1017 γὰρ

261 1021 322 1097 »δι’
344 1021 451 1097 αύτοῦ
472 1028 615 1113 ἐγένετο,
641 1031 696 1095 καί
716 1031 818 1113 χωρίς
840 1021 947 1097 αύτοῦ
967 1028 1100 1113 ἐγένετο
1123 1020 1201 1097 ούδέ
1223 1024 1304 1112 ἐνι),
1335 1028 1372 1098 έν
1394 1031 1430 1097 δὲ
1453 1032 1503 1117 τῷ
1523 1042 1557 1098 13

256 1121 344 1198 θεὸν
365 1125 452 1197 εἰναι
475 1119 665 1213 τὸνλόγον
687 1129 852 1214 εἰρηκέναι
873 1123 918 1215 μη
941 1130 1080 1211 διαιρεῖν
1101 1122 1167 1214 τὴν
1193 1121 1358 1209 θεότητα,
1389 1124 1504 1217 ἐπειδὴ

256 1220 278 1297 5
301 1221 403 1314 λόγος
426 1252 462 1296 τε
483 1228 521 1296 ἐν
542 1219 637 1313 αύτῷ
659 1229 714 1295 καί
737 1221 840 1307 αύτὸς
861 1227 900 1295 ἐν
921 1230 973 1313 τῷ
995 1219 1102 1315 λόγῳ·
1128 1228 1183 1298 »ἐν
1204 1227 1294 1315 ἐμοίτ
1320 1221 1382 1315 γάρ
1402 1251 1505 1317 φησιν

260 1318 300 1395 »5
322 1322 447 1414 πατήρ,
468 1319 564 1413 κάγω
586 1327 624 1394 ἐν
645 1330 696 1413 τῷ
717 1331 853 1413 πατρίι.

191 1428 247 1493 καὶ
272 1427 324 1495 ἔτι
345 1421 483 1507 τούτοις
498 1431 736 1514 προστίθησιν,
759 1420 967 1514 ἀπογυμνῶν
988 1421 1053 1495 τόν
1075 1428 1163 1496 ἴδιον
1185 1429 1269 1496 νοῦν
1290 1419 1332 1495 δι’
1356 1416 1407 1496 ὦν
1429 1427 1505 1516 ἑξῆς

144 1532 176 1586 10
190 1520 321 1610 ἐπάγει,
344 1528 455 1611 λέγων

256 1626 327 1708 (Nr.
350 1630 402 1709 28)
434 1616 453 1693 5
485 1627 606 1694 τοίνυν
634 1623 724 1713 ἱερός
754 1618 949 1705 άπύστολός
978 1650 1016 1694 τε
1045 1630 1102 1694 καὶ
1123 1622 1282 1714 μαθητὴς
1303 1630 1367 1695 τοῦ
1388 1632 1506 1714 κυρίου

254 1719 415 1811 Ἰωάννης
436 1728 498 1813 της
519 1718 713 1812 ἀιδιότητος
734 1719 841 1794 αύτοῦ
862 1720 1087 1812 μνημονεύων
1113 1718 1245 1812 άληθὴς
1265 1728 1417 1813 ἐγίγνετο
1440 1729 1504 1796 τοῦ

255 1820 364 1911 λόγου
383 1819 519 1911 μάρτυς,
544 1827 600 1893 »ἐν
620 1818 704 1912 άρχῇ
728 1814 770 1911 ἦν
785 1817 804 1894 5
820 1819 939 1911 λόγος(
964 1827 1076 1912 λέγων
1100 1829 1174 1894 »καί
1195 1818 1215 1895 5
1238 1819 1338 1910 λόγος
1360 1814 1402 1912 ἦν
1416 1821 1503 1911 πρὸς

255 1918 322 1993 τόν
343 1919 438 2006 θεόν,
459 1927 515 1992 καί
536 1921 618 2005 θεὸς
639 1914 683 2010 τ’γν
704 1916 870 2011 όλόγοςι.
906 1917 1005 1994 οῦδὲν
1026 1928 1183 2010 γενέσεως
1205 1925 1358 1994 ἐνταῦθα
1379 1950 1502 2013 μνημο·
1521 1933 1555 1987 14

144 2029 175 2083 15
255 2020 368 2093 νεύων
390 2026 453 2093 τοῦ
475 2016 593 2109 λόγου,
624 2017 698 2093 ἀλλ’
721 2020 927 2113 ἐπαλλήλοις
956 2028 1066 2111 τρισὶν
1096 2028 1292 2110 μαρτυρίαις
1319 2021 1503 2112 χριόμενος,

254 2125 411 2207 ἐβεβαίου
431 2123 469 2193 ἐν
490 2117 575 2210 άρχῇ
597 2120 661 2193 τὸν
681 2117 788 2210 λόγον
808 2122 901 2193 εἰναι.

192 2226 248 2291 καλ
273 2227 503 2309 προστίθησιν
524 2219 661 2304 τούτοις
682 2227 793 2310 λέγων

255 2323 328 2407 (Ντ.
344 2327 396 2406 01)
418 2319 483 2410 τὴν
502 2325 565 2410 μὲν
585 2318 673 2391 κατὰ
694 2318 801 2407 σάρκα
823 2325 1022 2410 οἰκονομίαν
1053 2327 1103 2410 τῷ
1131 2315 1310 2410 άνθροάπῳ
1333 2326 1504 2407 διαφέρειν

254 2418 500 2509 γιγνώσκομεν,
532 2418 597 2511 τὴν
627 2428 664 2492 δέ
685 2419 773 2493 κατὰ
794 2425 926 2510 πνεῦμα
948 2415 1126 2510 άιδιότητα
1148 2415 1305 2509 ἡνῶσθαι
1326 2426 1377 2506 τῷ
1399 2426 1504 2505 πατρὶ

144 2521 176 2578 Ὦ
255 2515 534 2609 πεπιστεύκαμεν.

192 2616 336 2699 τούτοις
356 2618 492 2706 προῖών
513 2620 589 2707 ἑξῆς
609 2623 756 2710 ἐπιλέγει
778 2624 887 2691 ταῦτα
1522 2627 1556 2681 1⁶

257 2721 327 2804 (Nr.
342 2725 395 2805 64)
425 2724 454 2790 εἰ
483 2710 547 2791 οῦν
564 2715 679 2803 ἀύτός
705 2724 793 2808 λέγει
820 2724 928 2790 ταῦτα
953 2718 1038 2806 »ἐγὼ
1060 2721 1098 2789 ἐκ
1119 2723 1183 2790 τοῦ
1204 2716 1335 2806 πατρὸς
1355 2723 1505 2809 ἐξῆλθον

256 2824 314 2889 καὶ
335 2814 440 2908 ἥκωι,
469 2825 525 2890 καὶ
555 2811 656 2902 αὖθις
689 2827 763 2891 »καὶ
793 2812 812 2889 5
838 2815 948 2906 λόγος,
971 2811 1012 2889 όν
1035 2814 1185 2901 άκούετε,
1216 2814 1279 2889 ούκ
1301 2822 1395 2890 ἔστιν
1417 2813 1505 2907 ἐμός,

258 2911 347 2990 άλλὰ
369 2924 432 2989 τοῦ
452 2914 652 3007 πέμψαντός
672 2947 711 3008 με
733 2914 882 3007 πατρός(
916 2925 973 2990 καὶ
1006 2913 1139 2990 »πάντα
1165 2911 1228 2989 όσα
1259 2918 1324 3007 ἔχει
1351 2912 1507 3006 όττατὴρ

212 3062 217 3071 ·
258 3014 321 3106 ἐμά
343 3020 469 3102 ἐστινι,
502 3023 608 3107 δῆλον
638 3011 693 3090 ότι
715 3015 859 3099 εἰκότως
879 3013 1018 3089 κάκείνο
1040 3020 1155 3107 ἔλεγεν
1179 3022 1234 3089 »ἐν
1255 3021 1328 3107 ἐμοὶ
1350 3011 1370 3089 5
1392 3015 1507 3106 πατὴρ

256 3111 352 3206 κάγώ
376 3121 413 3188 ἐν
434 3125 487 3208 τῷ
508 3126 644 3208 πατρίι,
670 3122 726 3191 ίνα
751 3122 789 3189 ἐν
818 3124 893 3208 θεῷ
922 3121 984 3207 μὲν
1005 3110 1026 3206 ᾗ
1049 3112 1069 3189 5
1091 3113 1194 3206 λόγος
1216 3112 1235 3189 5
1257 3121 1363 3189 τοῦτο
1386 3121 1507 3202 λέγων,

258 3219 297 3288 ἐν
318 3221 354 3288 δέ
376 3223 428 3308 τῷ
451 3213 545 3307 λόγῳ
568 3212 587 3290 5
608 3215 732 3309 πατήρ,
755 3210 810 3289 ότι
825 3215 965 3308 δύναμις
980 3223 1044 3289 τοῦ
1057 3214 1189 3304 πατρὸς
1204 3211 1223 3288 5
1239 3213 1350 3304 λόγος.
1382 3220 1503 3287 εθεοῦι
1525 3228 1560 3285 10

259 3312 323 3404 γάρ
345 3310 453 3386 αύτόν
476 3314 637 3407 »δύναμιν
657 3324 714 3389 καὶ
735 3323 821 3389 θεοῦ
844 3322 985 3404 σοφίαν(
1012 3311 1209 3402 άξιόπιστος
1224 3318 1357 3405 εἴρηκεν
1371 3311 1507 3403 μάρτυς

259 3410 379 3488 ούδιά
395 3414 526 3506 τὴνέν
547 3408 693 3489 ἅπασιν
716 3409 779 3491 οῦν
799 3413 936 3507 λόγοις
958 3444 999 3488 τε
1021 3422 1087 3486 καί
1102 3410 1395 3505 ἐργοιςάιιριβῆ
1417 3438 1508 3503 συμ·

260 3523 432 3603 φωνίαν,
456 3511 504 3600 ιύς
517 3511 684 3606 Ἀστέριος
707 3521 783 3607 ἐφη,
806 3512 975 3607 όσωτὴρ
997 3521 1102 3604 λέγει
1126 3515 1226 3605 »ἐγὼ
1247 3520 1313 3586 καὶ
1335 3509 1355 3587 5
1374 3512 1509 3604 πατὴρ

262 3617 303 3688 έν
323 3618 479 3706 ἐσμενι,
502 3611 588 3689 άλλά
609 3615 698 3690 διότι
721 3612 894 3690 άδύνατόν
915 3619 1018 3701 ἐστιν,
1040 3610 1062 3704 ἢ
1084 3612 1189 3704 λόγον
1210 3619 1296 3686 θεοῦ
1315 3620 1372 3689 42¹
1385 3610 1407 3703 ἢ
1422 3612 1509 3687 θεὸν

262 3721 327 3788 τοῦ
348 3716 472 3789 ἐαυτοῦ
492 3723 682 3806 μερίζεσθαι
704 3713 816 3805 λόγου.
859 3719 932 3789 ἐπεὶ
954 3721 983 3786 εἰ
1004 3712 1068 3787 διά
1091 3713 1165 3805 τὴν
1186 3717 1228 3786 ἐν
1249 3707 1397 3786 άπασιν
1416 3736 1508 3802 συμ·

261 3822 422 3904 φωνίαν
444 3820 551 3888 τοῦτο
573 3821 742 3906 εἰρηκέναι
771 3815 836 3890 τόν
866 3821 1006 3907 σωτῆρα
1027 3810 1193 3903 Ἀστέριος
1225 3819 1347 3899 οἴεται,
1377 3820 1433 3886 καλ
1463 3811 1510 3903 μὴ

286 4038 303 4093 l
330 4034 468 4103 Joh,1,1
494 4066 528 4077 -
554 4035 1045 4103 zlssor.8,6-J051,1-
1072 4036 1091 4093 4
1118 4036 1316 4100 Joh.1,3-
1342 4035 1508 4101 6J0h.l,1

198 4169 232 4180 -
262 4140 277 4195 ⁷
305 4137 368 4195 Joh.
386 4140 428 4205 10,
445 4138 480 4193 38
505 4167 538 4179 -
565 4139 605 4195 18
630 4139 767 4209 Joh.1,1
794 4168 828 4180 -
855 4139 894 4196 22
921 4137 983 4194 Joh.
1001 4138 1026 4205 8,
1044 4140 1079 4194 42
1104 4167 1138 4178 -
1165 4137 1205 4194 28
1227 4137 1288 4192 Joh.
1308 4139 1348 4199 14,
1366 4137 1400 4193 24
1417 4166 1449 4177 -
1469 4135 1509 4192 24

199 4238 262 4296 Joh.
280 4240 374 4306 1015
399 4269 433 4279 -
459 4239 695 4306 2500010311
718 4270 753 4282 -
780 4242 816 4298 27
846 4239 1037 4302 1Κοτ.1,24
1059 4269 1091 4278 -
1119 4238 1190 4295 2012
1213 4238 1269 4308 vgl.
1287 4236 1333 4291 Νι.
1352 4238 1385 4293 63
1410 4266 1443 4277 -
1470 4235 1513 4293 20

200 4340 262 4397 ίοΙι
282 4342 324 4410 10,
341 4341 377 4397 30

287 4537 356 4598 2ἐν
374 4552 406 4600 <
425 4541 488 4597 and
507 4544 546 4598 st..
572 4544 577 4611 Ι
606 4544 672 4599 ἰτε
691 4542 753 4597 and.
772 4542 811 4598 St.
829 4541 905 4596 τὸν
932 4544 937 4611 Ι
964 4536 1049 4609 αύτδς
1066 4542 1130 4598 und.
1148 4542 1186 4597 st.
1204 4530 1329 4607 οῦτος11
1356 4545 1362 4609 Ι
1388 4540 1427 4596 20
1439 4537 1516 4609 μένῃ

201 4656 243 4697 mr
266 4643 320 4713 vgl.
339 4641 513 4711 Joh.14,10
