3698 5510
366 489 424 551 106
951 481 1084 537 Eusebius

363 648 512 715 δέδωκεν
535 651 584 735 τῷ
609 649 686 736 υίῷ,
718 645 774 716 ίνα
800 641 926 726 πάντες
953 652 1096 734 τιμῶσιν
1118 642 1182 715 τόν
1204 641 1280 714 υίόν
1300 645 1419 728 καθῶς
1441 653 1583 734 τιμῶσιν
1605 646 1665 719 τόν

363 750 523 832 πατέραι,
547 742 731 836 διαρρήδην
751 740 1064 833 παρακελευόμενος
1079 749 1182 834 τιμάν
1196 741 1304 814 αδτόν
1318 744 1363 833 μὴ
1379 739 1506 832 δμοίως
1520 752 1574 819 64¹
1596 766 1665 829 τοῖς

362 841 558 933 προφήταις
579 840 657 934 μηδ’
681 840 809 934 ὁμοίως
830 839 984 933 ἀγγέλοις
1006 839 1028 933 6
1051 863 1124 927 ταῖς
1150 842 1288 915 τούτων
1314 842 1550 932 διαφερούσαις
1571 843 1663 918 δυνά·

362 967 465 1031 μεσιν,
489 940 561 1015 ἀλλ’
585 941 680 1035 αύτῷ
704 951 754 1034 τῶ
777 950 881 1032 πατρί
895 952 1150 1033 παραπλησίως.
1187 948 1293 1015 τοῦτο
1310 942 1373 1032 γάρ
1395 940 1501 1028 αύτὸς
1521 939 1663 1035 δπατὴρ

327 1052 543 1134 ῡβουληθείς
573 1048 704 1115 »πᾶσαν
730 1042 794 1132 τὴν
820 1051 930 1131 κρίσιν
957 1048 1105 1115 δέδωκεν
1127 1051 1178 1134 τῷ
1201 1047 1275 1134 υίῴ,
1298 1047 1353 1113 ίνα
1375 1039 1505 1126 πάντες
1526 1051 1663 1134 τιμῶσιν

362 1140 468 1215 αὐτόν
498 1144 617 1227 καθῶς
648 1149 769 1233 τιμῶσι
802 1140 866 1212 τόν
896 1146 1056 1229 πατέραι.
1107 1140 1129 1214 ά
1160 1142 1201 1233 δὴ
1231 1151 1287 1214 καὶ
1319 1149 1445 1233 θωμᾶς
1476 1138 1495 1214 δ
1527 1148 1663 1232 Δίδυμος
1679 1164 1709 1219 15

360 1240 506 1332 ἀκριβοῦς
528 1240 758 1333 ἐπιστάμενος,
781 1235 841 1314 άτε
863 1248 927 1314 τοῦ
946 1248 1051 1331 χοροῦ
1073 1249 1146 1313 τῶν
1168 1242 1299 1315 δῶδεκα
1317 1243 1467 1332 γεγονῶς
1488 1250 1662 1332 μαθητῶν,

361 1352 528 1433 λαμπροῖς
549 1340 693 1434 ῥήμασιν
714 1348 771 1413 καὶ
793 1340 878 1413 θεὸν
904 1339 1013 1414 αὐτὸν
1038 1350 1093 1413 καὶ
1115 1340 1234 1432 κύριον
1255 1339 1466 1431 ἐπεγράφετο
1493 1347 1602 1430 λέγων
1629 1338 1664 1413 »6

359 1439 476 1532 κύριός
497 1471 563 1533 μου
585 1449 641 1513 καί
664 1436 682 1512 6
705 1437 787 1524 θεός
808 1470 902 1532 μουι.
944 1440 997 1512 διδ
1028 1442 1069 1533 δὴ
1094 1450 1151 1512 καί
1179 1438 1263 1532 ἡμᾶς
1289 1440 1455 1532 προσήκει
1476 1439 1584 1529 μόνον
1605 1440 1665 1513 τόν

309 1555 342 1610 10
359 1540 434 1614 υίὸν
455 1550 511 1613 καί
533 1547 658 1632 μηδένα
682 1544 799 1629 ἕτερον
821 1548 919 1629 θείκῇ
942 1547 1021 1631 τιμῇ
1049 1549 1170 1627 σέβειν,
1201 1542 1320 1624 καθῶς
1351 1547 1502 1631 τιμῶμεν
1523 1540 1586 1613 τὸν
1606 1572 1663 1614 πα-

360 1647 454 1730 τέρα,
484 1646 541 1713 καί
571 1647 609 1714 ἰν
640 1639 755 1729 τούτῳ
779 1639 995 1726 τοῦπατρὸς
1018 1639 1071 1711 διὰ
1093 1646 1157 1711 τοῦ
1178 1644 1253 1713 υἱοῦ
1275 1646 1481 1730 τιμωμένου·
1509 1634 1528 1713 6
1551 1641 1590 1733 δὴ
1611 1650 1662 1713 καί
1679 1660 1707 1713 16

358 1738 443 1812 αὐτὸ
468 1739 614 1813 διδάσκει
636 1747 748 1830 λέγων
777 1737 813 1812 »6
842 1746 952 1831 τιμῶν
979 1738 1042 1811 τόν
1068 1738 1144 1810 υίόν
1165 1746 1246 1832 τιμᾷ
1268 1738 1332 1811 τὸν
1353 1746 1487 1830 πατέρα
1508 1739 1571 1812 τόν
1589 1747 1664 1827 πέμ-

358 1862 475 1926 ψαντα
498 1837 635 1912 αύτόνι.
679 1838 794 1928 ῶσπερ
816 1839 879 1928 γὰρ
901 1847 957 1911 καί
978 1845 1141 1923 βασιλέως
1162 1851 1466 1930 καταπεμφθεῖσιν
1487 1837 1600 1912 εἰκόνα
1620 1870 1663 1911 τι·

357 1948 492 2031 μῶντες
515 1939 556 2012 τό
579 1934 813 2027 πρωτότοκον
829 1944 889 2028 της
905 1936 1036 2021 εἰκόνος
1051 1935 1157 2010 αὐτὸν
1172 1935 1214 2009 άν
1230 1935 1426 2031 τιμήσαιμεν
1445 1939 1662 2025 τὸνβασιλέα,

308 2052 340 2104 15
359 2038 423 2111 τὸν
445 2038 553 2111 αὐτόν
575 2035 707 2126 τρόπον
733 2033 751 2109 6
774 2038 888 2128 πατὴρ
911 2035 1024 2127 ἀνείη
1046 2036 1101 2108 διὰ
1123 2045 1187 2110 τοῦ
1208 2042 1283 2108 υἱοῦ
1305 2040 1510 2129 τιμώμενος,
1542 2036 1589 2123 ῶς
1608 2046 1660 2110 καὶ

359 2136 404 2211 δι’
432 2137 538 2211 αὐτοῦ
559 2134 740 2227 δρῶμενος.
787 2133 840 2207 ›6‹
876 2135 937 2226 γάρ
971 2138 1166 2226 »ἑωρακῶςι
1201 2136 1265 2207 τόν
1294 2137 1369 2209 υίδν
1402 2140 1571 2227 »έῶρακεν
1601 2135 1660 2208 τόν
1675 2159 1704 2212 17

357 2246 519 2328 πατέραι,
544 2237 608 2327 τὴν
629 2233 820 2327 ἀγέννητον
842 2235 1009 2358 θεότητα,
1041 2238 1096 2308 οία
1127 2241 1164 2307 ἰν
1191 2235 1297 2309 εἰκόνι
1318 2245 1373 2307 καί
1394 2235 1596 2329 κατόπτρῳ,
1625 2241 1660 2308 ἐν

357 2344 408 2428 τῷ
445 2341 507 2427 υίῷ
544 2344 876 2427 χαρακτηριζομένην
913 2332 1017 2424 δρῶν
1064 2333 1283 2425 »ἀπαύγασμα
1318 2333 1381 2427 γάρ
1417 2343 1512 2410 ἐστιν
1548 2334 1660 2424 φωτός

355 2432 479 2520 ἀιδίου,
501 2440 595 2507 καὶ”
580 2461 748 2524 εσοπτρον
770 2431 987 2525 ἀκηλίδωτον
1014 2441 1075 2535 τῆς
1097 2443 1161 2509 τοῦ
1183 2443 1266 2509 θεοῦ
1263 2440 1463 2558 ἐνεργείας,
1486 2444 1541 2508 καί
1563 2436 1659 2509 εἰκῶν

304 2546 338 2600 20
356 2540 417 2624 τῆς
438 2530 655 2627 ἀγαθότητος
677 2531 812 2606 αύτοῦι.
846 2532 961 2607 πάντα
993 2526 1031 2607 δέ
1055 2541 1164 2607 ταῦτα
1185 2535 1277 2624 παρά
1299 2544 1362 2608 τοῦ
1383 2537 1516 2625 πατρός
1538 2535 1657 2622 λοβῶν,
1704 2596 1708 2602 .

354 2639 389 2722 ἐξ
416 2631 521 2757 66t06
555 2664 591 2706 τε
621 2642 676 2705 καί
703 2639 765 2722 τῆς
791 2631 961 2723 θεότητος
989 2636 1053 2725 τὴν
1075 2634 1192 2721 δόξαν,
1221 2633 1269 2718 ῶς
1291 2633 1334 2708 ἀν
1354 2636 1427 2721 υίὸς
1449 2636 1586 2727 γνήσιος
1606 2642 1657 2705 καὶ

353 2733 550 2826 μονογενής,
573 2733 760 2856 εἰληφῶς”
745 2761 817 2820 εχει
861 2730 935 2804 ἀλλ’
958 2730 999 2804 06
1019 2730 1116 2806 καί(
1097 2765 1115 2805 ο
1137 2734 1251 2825 πατὴρ
1277 2733 1371 2823 παρά
1398 2765 1494 2820 τινος
1516 2740 1655 2855 εἴληφεν,

353 2831 500 2906 πάντων
522 2830 555 2903 δ
578 2830 682 2915 αύτός
704 2824 756 2903 ῶν
778 2828 863 2923 ἀρχὴ
885 2841 940 2904 καί
961 2833 1054 2952 πηγὴ
1080 2840 1135 2904 καί
1158 2836 1232 2921 ρίζα
1255 2842 1329 2905 τῶν
1350 2833 1497 2925 ἀγαθῶν
1519 2833 1655 2916 εἰκότως

352 2935 399 3015 είς
420 2940 475 3006 καί
497 2929 601 3024 μόνος
623 2929 866 3021 ἀναγορεύοιτο
890 2930 932 3003 ἀν
954 2930 1043 3015 θεός
1070 2942 1075 3017 Ι
1530 2959 1532 2964 ·
1672 2957 1722 3015 112

301 3044 335 3099 25
435 3040 455 3105 8
491 3030 578 3106 ἀλλά
615 3030 753 3103 τούτων
782 3035 819 3102 ἰν
851 3028 970 3123 ἀγνοίᾳ
1001 3027 1212 3121 τυγχάνων
1202 3031 1400 3121 ίίάρκελλος
1431 3031 1474 3106 ού
1503 3033 1654 3121 βούλεται
1670 3051 1800 3122 ρπιιιιςγη

351 3139 413 3222 μὲν
436 3129 577 3256 άληθῶς
598 3130 661 3203 τὸν
683 3129 758 3202 υίόν
780 3135 817 3202 έκ
846 3138 906 3202 τοῦ
935 3130 1066 3220 πατρὸς
1096 3140 1329 3223 γεγεννῆσθαι,
1361 3132 1409 3218 ῶς
1439 3135 1516 3205 υἱὸν
1546 3141 1697 3252 ζῶνταΜ
1697 3140 1802 3263 W

351 3230 450 3302 καί(
428 3238 632 3351 υφεστῶτα,
646 3232 701 3303 σία
723 3236 759 3302 δὲ
783 3228 887 3320 λόγον
909 3228 1016 3302 αύτὸν
1038 3231 1247 3321 σημαντικόν
1261 3230 1392 3324 τινοςῆ
1407 3231 1725 3333 προστακτικόνη
1669 3191 1802 3385 mma

350 3342 538 3419 προελθεῖν
568 3337 632 3402 τοῦ
663 3337 747 3403 θεοῦ
777 3330 906 3418 φάσκει.
949 3331 1049 3403 ἀκουε
1080 3328 1111 3402 δ’
1144 3336 1206 3402 οὐν
1236 3329 1442 3417 ἀκαλύπτως
1473 3343 1529 3406 καί
1556 3340 1655 3406 τοῦτο
1685 3347 1699 3384 ²

351 3436 512 3520 λέγοντος
535 3427 640 3502 αύτου
626 3436 777 3502 ταῖσδε
799 3450 871 3514 ταις
894 3450 1026 3518 φωναῖς

298 3541 332 3595 30
413 3533 484 3615 (Nr.
508 3537 559 3615 31)
594 3529 631 3602 τὸ
654 3537 717 3618 μὲν
738 3523 800 3603 σύν
829 3530 906 3619 πρὸ
929 3538 1012 3602 τῶν
1044 3530 1205 3602 αἰῶνων
1236 3527 1362 3603 αὐτὸν
1392 3540 1652 3625 γεγεννῆσθαι

413 3635 531 3718 φῆσαι,
563 3624 767 3712 ἀκολούθως
798 3635 964 3719 εἰρηκέναι
995 3635 1098 3701 δοκεῖ·
1137 3637 1285 3721 γέννημα
1315 3632 1378 3721 γὰρ
1410 3633 1450 3706 τὸ
1480 3631 1651 3722 προελθὸν

412 3735 475 3800 τοῦ
496 3736 686 3852 προεμένου
708 3737 854 3819 γίγνεται
876 3725 1015 3817 πατρός.
1057 3727 1209 3817 θάτερον
1239 3736 1275 3803 δὲ
1306 3728 1421 3803 ούκέτι
1450 3729 1555 3823 ύγιῶς
1579 3726 1650 3803 066’

411 3823 556 3911 εὐσεβῶς
579 3826 673 3918 αδτφ
656 3836 928 3918 παρείληπται.
965 3827 1006 3899 τό
1028 3829 1091 3919 γὰρ
1113 3828 1157 3920 μὴ
1179 3826 1285 3919 λόγον
1305 3833 1389 3903 εἶναι
1413 3838 1517 3922 φῆσαι
1539 3831 1602 3905 τόν
1618 3835 1651 3916 ἐξ

411 3924 518 3998 αὐτοῦ
548 3925 783 4013 προελθόντα,
814 3936 869 4000 καὶ
896 3936 1023 4000 τοῦτον
1046 3931 1130 4001 εἰναι
1163 3929 1226 4000 τόν
1249 3936 1309 4019 τῆς
1331 3929 1521 4021 γεννήσεως
1542 3928 1649 4020 ἀληθῆ

411 4024 558 4115 τρόπον,
575 4022 649 4098 ἀλλ’
665 4024 830 4117 άληθῶς
853 4029 944 4101 υίδν
958 4027 1098 4119 μόνον,
1122 4032 1265 4119 ἔμφασίν
1281 4058 1359 4101 τινα
1381 4050 1453 4115 τοῖς
1475 4028 1649 4104 ἀκούουσιν

411 4119 635 4215 ἀνθρωπίνης
657 4120 771 4211 ὄψεως
793 4136 952 4217 παρέχειν
975 4133 1110 4200 εἰωθεν.

1678 3409 1761 3452 τουε
1711 3394 1792 3447 ’τοῦθ

431 4296 450 4351 6
468 4296 529 4350 ίοίυ
548 4299 572 4363 5,
590 4299 631 4352 22.
650 4298 683 4351 23
700 4327 734 4336 -
751 4297 768 4352 8
786 4297 848 4352 Joh.
866 4300 907 4361 20,
925 4300 959 4353 28
978 4327 1011 4337 —-
1031 4300 1068 4354 12
1087 4298 1149 4353 Joh.
1167 4303 1191 4364 5,
1209 4301 1242 4353 23
1265 4329 1298 4338 -
1322 4299 1359 4356 16
1377 4300 1438 4357 Joh.
1458 4303 1498 4363 14.
1516 4304 1532 4358 9
1553 4329 1586 4340 -
1612 4298 1646 4354 18

346 4395 451 4451 Weish.
469 4396 523 4451 Sal.
543 4399 566 4463 7,
584 4399 618 4452 26

431 4544 585 4616 δόμοίως]
605 4555 637 4612 -1-
654 4555 714 4614 τοϊς
732 4567 758 4602 m
792 4552 796 4615 ί
830 4551 865 4605 17
887 4541 949 4605 οίον
967 4569 993 4603 m
1020 4550 1024 4615 Ι
1052 4550 1089 4606 21
1110 4550 1150 4620 τε]
1168 4551 1187 4605 l.
1206 4551 1257 4621 γεί
1281 4553 1285 4617 Ι
1313 4551 1351 4607 38
1370 4549 1447 4626 αὐτῷ
1464 4553 1645 4624 παρείληπται

346 4647 457 4703 μηδὸί.
476 4645 563 4703 αὐτὸν
582 4647 803 4720 παραλέλειπται
815 4652 858 4718 V!
879 4651 918 4707 84
935 4651 1187 4721 τοῦτονΗ-μηίῑε
1207 4656 1210 4719 ί
1231 4653 1270 4709 85
1289 4650 1412 4723 ἀληθῶς]
1432 4648 1529 4719 ἁπλῶς
1539 4651 1599 4708 and.
1608 4650 1643 4704 st
