<?xml version="1.0" encoding="UTF-8"?>
<!DOCTYPE html PUBLIC "-//W3C//DTD XHTML 1.0 Transitional//EN"
    "http://www.w3.org/TR/xhtml1/DTD/xhtml1-transitional.dtd">
<html xmlns="http://www.w3.org/1999/xhtml" xml:lang="en" lang="en">
 <head>
  <title>
</title>
<meta http-equiv="Content-Type" content="text/html;charset=utf-8" />
  <meta name='ocr-system' content='tesseract 3.04.00' />
  <meta name='ocr-capabilities' content='ocr_page ocr_carea ocr_par ocr_line ocrx_word'/>
</head>
<body>
  <div class='ocr_page' id='page_1' title='image "./diegriechischen01religoog/diegriechischen01religoog_0172.png"; bbox 0 0 3778 5510; ppageno 0'>
   <div class='ocr_carea' id='block_1_1' title="bbox 351 484 1078 555">
    <p class='ocr_par' dir='ltr' id='par_1_1' title="bbox 351 484 1078 555">
     <span class='ocr_line' id='line_1_1' title="bbox 351 484 1078 555; baseline -0.003 -14"><span class='ocrx_word' id='word_1_1' title='bbox 351 495 409 555; x_wconf 82' lang='lat'><strong><em>124</em></strong></span> <span class='ocrx_word' id='word_1_2' title='bbox 943 484 1078 542; x_wconf 74' lang='lat' dir='ltr'>Eusebius</span> 
     </span>
    </p>
   </div>
   <div class='ocr_carea' id='block_1_2' title="bbox 294 639 1734 3925">
    <p class='ocr_par' dir='ltr' id='par_1_2' title="bbox 294 639 1734 3925">
     <span class='ocr_line' id='line_1_2' title="bbox 410 639 1659 739; baseline -0.004 -20"><span class='ocrx_word' id='word_1_3' title='bbox 410 652 479 735; x_wconf 88' lang='lat' dir='ltr'>(Nr.</span> <span class='ocrx_word' id='word_1_4' title='bbox 501 658 553 735; x_wconf 89' lang='grc'><strong><em>38)</em></strong></span> <span class='ocrx_word' id='word_1_5' title='bbox 585 655 620 719; x_wconf 92' lang='grc' dir='ltr'><strong><em>τί</em></strong></span> <span class='ocrx_word' id='word_1_6' title='bbox 646 640 723 733; x_wconf 86' lang='grc' dir='ltr'><strong><em>ούν,·</em></strong></span> <span class='ocrx_word' id='word_1_7' title='bbox 752 654 782 720; x_wconf 86' lang='grc' dir='ltr'><strong><em>εί</em></strong></span> <span class='ocrx_word' id='word_1_8' title='bbox 810 648 855 738; x_wconf 87' lang='grc' dir='ltr'><strong><em>μή</em></strong></span> <span class='ocrx_word' id='word_1_9' title='bbox 883 654 934 738; x_wconf 81' lang='grc' dir='ltr'><strong><em>τῷ</em></strong></span> <span class='ocrx_word' id='word_1_10' title='bbox 960 646 1125 739; x_wconf 86' lang='grc' dir='ltr'><strong><em>πνεύματι</em></strong></span> <span class='ocrx_word' id='word_1_11' title='bbox 1149 653 1374 736; x_wconf 79' lang='grc' dir='ltr'><strong><em>προσέχοντες</em></strong></span> <span class='ocrx_word' id='word_1_12' title='bbox 1396 641 1534 734; x_wconf 79' lang='grc' dir='ltr'><strong><em>δυνάμει</em></strong></span> <span class='ocrx_word' id='word_1_13' title='bbox 1555 639 1659 716; x_wconf 88' lang='grc' dir='ltr'><strong><em>άδιαί·</em></strong></span> 
     </span>
     <span class='ocr_line' id='line_1_3' title="bbox 410 738 1657 839; baseline -0.004 -20"><span class='ocrx_word' id='word_1_14' title='bbox 410 776 513 837; x_wconf 89' lang='grc' dir='ltr'><strong><em>ρετον</em></strong></span> <span class='ocrx_word' id='word_1_15' title='bbox 548 747 613 838; x_wconf 87' lang='grc' dir='ltr'><strong><em>τήν</em></strong></span> <span class='ocrx_word' id='word_1_16' title='bbox 648 745 780 839; x_wconf 79' lang='grc' dir='ltr'><em>μονάδα</em></span> <span class='ocrx_word' id='word_1_17' title='bbox 817 749 903 821; x_wconf 89' lang='grc' dir='ltr'><strong><em>είναι</em></strong></span> <span class='ocrx_word' id='word_1_18' title='bbox 937 757 1142 838; x_wconf 75' lang='grc' dir='ltr'><strong><em>νομίζοιμεν,</em></strong></span> <span class='ocrx_word' id='word_1_19' title='bbox 1184 738 1249 837; x_wconf 85' lang='grc' dir='ltr'><strong><em>άρα</em></strong></span> <span class='ocrx_word' id='word_1_20' title='bbox 1284 742 1346 835; x_wconf 87' lang='grc' dir='ltr'><strong><em>σύγ</em></strong></span> <span class='ocrx_word' id='word_1_21' title='bbox 1381 740 1657 835; x_wconf 69' lang='grc' dir='ltr'><strong><em>ἁμαρτησόμεθα,</em></strong></span> 
     </span>
     <span class='ocr_line' id='line_1_4' title="bbox 411 841 1657 940; baseline -0.004 -21"><span class='ocrx_word' id='word_1_22' title='bbox 411 854 530 935; x_wconf 82' lang='grc' dir='ltr'><strong><em>σαφῶς</em></strong></span> <span class='ocrx_word' id='word_1_23' title='bbox 552 854 616 921; x_wconf 84' lang='grc' dir='ltr'><strong><em>τοῦ</em></strong></span> <span class='ocrx_word' id='word_1_24' title='bbox 638 846 743 937; x_wconf 80' lang='grc' dir='ltr'><strong><em>λόγου</em></strong></span> <span class='ocrx_word' id='word_1_25' title='bbox 765 845 987 931; x_wconf 79' lang='grc' dir='ltr'><strong><em>διδάσκοντος</em></strong></span> <span class='ocrx_word' id='word_1_26' title='bbox 1008 845 1094 940; x_wconf 79' lang='grc' dir='ltr'><strong><em>ἡμᾶς</em></strong></span> <span class='ocrx_word' id='word_1_27' title='bbox 1118 846 1254 936; x_wconf 75' lang='grc' dir='ltr'><strong><em>»κύριον</em></strong></span> <span class='ocrx_word' id='word_1_28' title='bbox 1276 845 1340 918; x_wconf 87' lang='grc' dir='ltr'><strong><em>τόν</em></strong></span> <span class='ocrx_word' id='word_1_29' title='bbox 1365 841 1451 917; x_wconf 87' lang='grc' dir='ltr'><strong><em>θεόν</em></strong></span> <span class='ocrx_word' id='word_1_30' title='bbox 1472 867 1533 916; x_wconf 92' lang='grc' dir='ltr'><strong><em>σου</em></strong></span> <span class='ocrx_word' id='word_1_31' title='bbox 1553 866 1657 934; x_wconf 86' lang='grc' dir='ltr'><strong><em>προσ-</em></strong></span> 
     </span>
     <span class='ocr_line' id='line_1_5' title="bbox 409 943 1691 1039; baseline -0.004 -22"><span class='ocrx_word' id='word_1_32' title='bbox 409 946 563 1038; x_wconf 85' lang='grc' dir='ltr'><strong><em>κυνήσεις</em></strong></span> <span class='ocrx_word' id='word_1_33' title='bbox 594 956 649 1020; x_wconf 83' lang='grc' dir='ltr'><strong><em>καὶ</em></strong></span> <span class='ocrx_word' id='word_1_34' title='bbox 679 946 775 1039; x_wconf 80' lang='grc' dir='ltr'><strong><em>αύτῷ</em></strong></span> <span class='ocrx_word' id='word_1_35' title='bbox 805 946 902 1039; x_wconf 85' lang='grc' dir='ltr'><strong><em>μόνῳ</em></strong></span> <span class='ocrx_word' id='word_1_36' title='bbox 925 946 1144 1036; x_wconf 77' lang='grc' dir='ltr'><strong><em>λατρεύσειςι.</em></strong></span> <span class='ocrx_word' id='word_1_37' title='bbox 1187 945 1229 1018; x_wconf 87' lang='grc' dir='ltr'><strong><em>τὸ</em></strong></span> <span class='ocrx_word' id='word_1_38' title='bbox 1256 943 1341 1018; x_wconf 84' lang='grc' dir='ltr'><strong><em>αύτό</em></strong></span> <span class='ocrx_word' id='word_1_39' title='bbox 1364 951 1399 1017; x_wconf 80' lang='grc' dir='ltr'><strong><em>δὲ</em></strong></span> <span class='ocrx_word' id='word_1_40' title='bbox 1429 952 1487 1016; x_wconf 85' lang='grc' dir='ltr'><strong><em>καί</em></strong></span> <span class='ocrx_word' id='word_1_41' title='bbox 1516 943 1571 1015; x_wconf 84' lang='grc' dir='ltr'><strong><em>διὰ</em></strong></span> <span class='ocrx_word' id='word_1_42' title='bbox 1594 949 1691 1016; x_wconf 74' lang='grc' dir='ltr'><strong><em>τοῦθ</em></strong></span> 
     </span>
     <span class='ocr_line' id='line_1_6' title="bbox 409 1043 1658 1138; baseline 0.001 -22"><span class='ocrx_word' id='word_1_43' title='bbox 409 1047 496 1119; x_wconf 83' lang='grc' dir='ltr'><strong><em>κατὰ</em></strong></span> <span class='ocrx_word' id='word_1_44' title='bbox 519 1055 663 1137; x_wconf 84' lang='grc' dir='ltr'><strong><em>Μᾶρκον</em></strong></span> <span class='ocrx_word' id='word_1_45' title='bbox 685 1043 893 1137; x_wconf 72' lang='grc' dir='ltr'><strong><em>Βίύαγγελίσυ</em></strong></span> <span class='ocrx_word' id='word_1_46' title='bbox 917 1046 1091 1138; x_wconf 89' lang='grc' dir='ltr'><strong><em>κηρύττει·</em></strong></span> <span class='ocrx_word' id='word_1_47' title='bbox 1127 1046 1203 1129; x_wconf 77' lang='grc' dir='ltr'><strong><em>ἑνὸς</em></strong></span> <span class='ocrx_word' id='word_1_48' title='bbox 1225 1043 1289 1135; x_wconf 89' lang='grc' dir='ltr'><strong><em>γάρ</em></strong></span> <span class='ocrx_word' id='word_1_49' title='bbox 1315 1073 1409 1128; x_wconf 87' lang='grc' dir='ltr'><strong><em>τινος</em></strong></span> <span class='ocrx_word' id='word_1_50' title='bbox 1435 1049 1658 1134; x_wconf 83' lang='grc' dir='ltr'><strong><em>γραμματέως</em></strong></span> 
     </span>
     <span class='ocr_line' id='line_1_7' title="bbox 408 1143 1657 1238; baseline -0.002 -22"><span class='ocrx_word' id='word_1_51' title='bbox 408 1144 667 1236; x_wconf 73' lang='grc' dir='ltr'><strong><em>προσελθόντος</em></strong></span> <span class='ocrx_word' id='word_1_52' title='bbox 690 1143 783 1237; x_wconf 79' lang='grc' dir='ltr'><strong><em>ἁύτῷ</em></strong></span> <span class='ocrx_word' id='word_1_53' title='bbox 805 1155 861 1220; x_wconf 88' lang='grc' dir='ltr'><strong><em>καὶ</em></strong></span> <span class='ocrx_word' id='word_1_54' title='bbox 882 1153 1156 1238; x_wconf 79' lang='grc' dir='ltr'><strong><em>πυνθανομένου,</em></strong></span> <span class='ocrx_word' id='word_1_55' title='bbox 1179 1154 1231 1229; x_wconf 92' lang='grc' dir='ltr'><strong><em>τίς</em></strong></span> <span class='ocrx_word' id='word_1_56' title='bbox 1249 1148 1300 1235; x_wconf 80' lang='grc' dir='ltr'><strong><em>εἴη</em></strong></span> <span class='ocrx_word' id='word_1_57' title='bbox 1322 1144 1443 1234; x_wconf 80' lang='grc' dir='ltr'><strong><em>πρώτη</em></strong></span> <span class='ocrx_word' id='word_1_58' title='bbox 1466 1149 1540 1214; x_wconf 83' lang='grc' dir='ltr'><strong><em>τῶν</em></strong></span> <span class='ocrx_word' id='word_1_59' title='bbox 1560 1147 1657 1215; x_wconf 78' lang='grc' dir='ltr'><strong><em>ἐντο·</em></strong></span> 
     </span>
     <span class='ocr_line' id='line_1_8' title="bbox 410 1242 1657 1338; baseline -0.002 -22"><span class='ocrx_word' id='word_1_60' title='bbox 410 1253 497 1331; x_wconf 82' lang='grc' dir='ltr'><strong><em>λῶν,</em></strong></span> <span class='ocrx_word' id='word_1_61' title='bbox 528 1246 736 1336; x_wconf 80' lang='grc' dir='ltr'><strong><em>ἀπεκρίνατο</em></strong></span> <span class='ocrx_word' id='word_1_62' title='bbox 766 1248 853 1338; x_wconf 87' lang='grc' dir='ltr'><strong><em>πρός</em></strong></span> <span class='ocrx_word' id='word_1_63' title='bbox 882 1244 991 1320; x_wconf 85' lang='grc' dir='ltr'><strong><em>αύτὸν</em></strong></span> <span class='ocrx_word' id='word_1_64' title='bbox 1021 1243 1134 1330; x_wconf 84' lang='grc' dir='ltr'><strong><em>ούτως</em></strong></span> <span class='ocrx_word' id='word_1_65' title='bbox 1164 1246 1273 1318; x_wconf 80' lang='grc' dir='ltr'><strong><em>είπών</em></strong></span> <span class='ocrx_word' id='word_1_66' title='bbox 1305 1242 1472 1317; x_wconf 78' lang='grc' dir='ltr'><strong><em>»πάντων</em></strong></span> <span class='ocrx_word' id='word_1_67' title='bbox 1500 1250 1657 1332; x_wconf 66' lang='grc' dir='ltr'><strong><em>πρῶτον*</em></strong></span> 
     </span>
     <span class='ocr_line' id='line_1_9' title="bbox 409 1339 1657 1438; baseline -0.001 -23"><span class='ocrx_word' id='word_1_68' title='bbox 409 1344 520 1430; x_wconf 83' lang='grc' dir='ltr'><strong><em>ἄκουε,</em></strong></span> <span class='ocrx_word' id='word_1_69' title='bbox 543 1342 685 1436; x_wconf 83' lang='grc' dir='ltr'><strong><em>Ἰσραήλ,</em></strong></span> <span class='ocrx_word' id='word_1_70' title='bbox 714 1345 831 1434; x_wconf 88' lang='grc' dir='ltr'><strong><em>κύριος</em></strong></span> <span class='ocrx_word' id='word_1_71' title='bbox 852 1343 872 1420; x_wconf 94' lang='lat'>6</span> <span class='ocrx_word' id='word_1_72' title='bbox 895 1350 976 1431; x_wconf 89' lang='grc' dir='ltr'><strong><em>θεός</em></strong></span> <span class='ocrx_word' id='word_1_73' title='bbox 996 1344 1096 1438; x_wconf 81' lang='grc' dir='ltr'><strong><em>ήμῶν</em></strong></span> <span class='ocrx_word' id='word_1_74' title='bbox 1116 1344 1231 1436; x_wconf 85' lang='grc' dir='ltr'><strong><em>κύριος</em></strong></span> <span class='ocrx_word' id='word_1_75' title='bbox 1253 1343 1301 1429; x_wconf 83' lang='grc' dir='ltr'><strong><em>είς</em></strong></span> <span class='ocrx_word' id='word_1_76' title='bbox 1320 1349 1428 1429; x_wconf 79' lang='grc' dir='ltr'><strong><em>ἐστιν,</em></strong></span> <span class='ocrx_word' id='word_1_77' title='bbox 1450 1350 1507 1416; x_wconf 84' lang='grc' dir='ltr'><strong><em>καὶ</em></strong></span> <span class='ocrx_word' id='word_1_78' title='bbox 1528 1339 1657 1432; x_wconf 83' lang='grc' dir='ltr'><strong><em>άγαπή·</em></strong></span> 
     </span>
     <span class='ocr_line' id='line_1_10' title="bbox 409 1435 1658 1536; baseline -0.002 -21"><span class='ocrx_word' id='word_1_79' title='bbox 409 1469 477 1528; x_wconf 84' lang='grc' dir='ltr'><strong><em>σεις</em></strong></span> <span class='ocrx_word' id='word_1_80' title='bbox 497 1444 617 1535; x_wconf 88' lang='grc' dir='ltr'><strong><em>κύριον</em></strong></span> <span class='ocrx_word' id='word_1_81' title='bbox 638 1446 701 1519; x_wconf 87' lang='grc' dir='ltr'><strong><em>τὸν</em></strong></span> <span class='ocrx_word' id='word_1_82' title='bbox 723 1444 808 1520; x_wconf 88' lang='grc' dir='ltr'><strong><em>θεόν</em></strong></span> <span class='ocrx_word' id='word_1_83' title='bbox 829 1470 891 1519; x_wconf 90' lang='grc' dir='ltr'><strong><em>σου</em></strong></span> <span class='ocrx_word' id='word_1_84' title='bbox 912 1450 947 1534; x_wconf 77' lang='grc' dir='ltr'><strong><em>ἐξ</em></strong></span> <span class='ocrx_word' id='word_1_85' title='bbox 969 1440 1050 1536; x_wconf 88' lang='grc' dir='ltr'><strong><em>ὅλης</em></strong></span> <span class='ocrx_word' id='word_1_86' title='bbox 1072 1451 1134 1536; x_wconf 83' lang='grc' dir='ltr'><strong><em>τῆς</em></strong></span> <span class='ocrx_word' id='word_1_87' title='bbox 1153 1451 1261 1535; x_wconf 79' lang='grc' dir='ltr'><strong><em>ψυχῆς</em></strong></span> <span class='ocrx_word' id='word_1_88' title='bbox 1283 1467 1345 1518; x_wconf 90' lang='grc' dir='ltr'><strong><em>σου</em></strong></span> <span class='ocrx_word' id='word_1_89' title='bbox 1365 1450 1421 1516; x_wconf 80' lang='grc' dir='ltr'><strong><em>καί</em></strong></span> <span class='ocrx_word' id='word_1_90' title='bbox 1436 1448 1472 1532; x_wconf 76' lang='grc' dir='ltr'><strong><em>ἐξ</em></strong></span> <span class='ocrx_word' id='word_1_91' title='bbox 1494 1435 1577 1531; x_wconf 88' lang='grc' dir='ltr'><strong><em>ὅλης</em></strong></span> <span class='ocrx_word' id='word_1_92' title='bbox 1595 1446 1658 1531; x_wconf 82' lang='grc' dir='ltr'><strong><em>τῆς</em></strong></span> 
     </span>
     <span class='ocr_line' id='line_1_11' title="bbox 408 1537 1657 1637; baseline -0.002 -23"><span class='ocrx_word' id='word_1_93' title='bbox 408 1543 521 1633; x_wconf 78' lang='grc' dir='ltr'><strong><em>ἰσχύος</em></strong></span> <span class='ocrx_word' id='word_1_94' title='bbox 543 1570 612 1618; x_wconf 91' lang='grc' dir='ltr'><strong><em>σου.</em></strong></span> <span class='ocrx_word' id='word_1_95' title='bbox 642 1552 697 1621; x_wconf 76' lang='lat'><strong><em>71¹</em></strong></span> <span class='ocrx_word' id='word_1_96' title='bbox 733 1540 820 1637; x_wconf 82' lang='grc' dir='ltr'><strong><em>αύτη</em></strong></span> <span class='ocrx_word' id='word_1_97' title='bbox 833 1547 968 1636; x_wconf 81' lang='grc' dir='ltr'><strong><em>πρώτη·</em></strong></span> <span class='ocrx_word' id='word_1_98' title='bbox 989 1552 1046 1617; x_wconf 81' lang='grc' dir='ltr'><strong><em>καὶ</em></strong></span> <span class='ocrx_word' id='word_1_99' title='bbox 1061 1552 1201 1634; x_wconf 82' lang='grc' dir='ltr'><strong><em>δευτέρα</em></strong></span> <span class='ocrx_word' id='word_1_100' title='bbox 1216 1540 1316 1635; x_wconf 83' lang='grc' dir='ltr'><strong><em>ὁμοία</em></strong></span> <span class='ocrx_word' id='word_1_101' title='bbox 1330 1541 1452 1632; x_wconf 81' lang='grc' dir='ltr'><strong><em>ταύτη’</em></strong></span> <span class='ocrx_word' id='word_1_102' title='bbox 1475 1537 1657 1632; x_wconf 74' lang='grc' dir='ltr'><strong><em>ἀγαπήσεις</em></strong></span> 
     </span>
     <span class='ocr_line' id='line_1_12' title="bbox 408 1637 1689 1734; baseline -0.003 -20"><span class='ocrx_word' id='word_1_103' title='bbox 408 1645 472 1716; x_wconf 83' lang='grc' dir='ltr'><strong><em>τὸν</em></strong></span> <span class='ocrx_word' id='word_1_104' title='bbox 492 1652 641 1734; x_wconf 77' lang='grc' dir='ltr'><strong><em>πλησίον</em></strong></span> <span class='ocrx_word' id='word_1_105' title='bbox 666 1669 728 1718; x_wconf 89' lang='grc' dir='ltr'><strong><em>σου</em></strong></span> <span class='ocrx_word' id='word_1_106' title='bbox 754 1643 802 1729; x_wconf 75' lang='grc' dir='ltr'><strong><em>τός</em></strong></span> <span class='ocrx_word' id='word_1_107' title='bbox 828 1643 980 1717; x_wconf 89' lang='grc' dir='ltr'><strong><em>σεαυτόν.</em></strong></span> <span class='ocrx_word' id='word_1_108' title='bbox 1022 1651 1150 1734; x_wconf 80' lang='grc' dir='ltr'><strong><em>μείζων</em></strong></span> <span class='ocrx_word' id='word_1_109' title='bbox 1175 1644 1315 1717; x_wconf 84' lang='grc' dir='ltr'><strong><em>τούτων</em></strong></span> <span class='ocrx_word' id='word_1_110' title='bbox 1337 1643 1424 1734; x_wconf 83' lang='grc' dir='ltr'><strong><em>άλλη</em></strong></span> <span class='ocrx_word' id='word_1_111' title='bbox 1446 1642 1571 1732; x_wconf 79' lang='grc' dir='ltr'><strong><em>ἐντολή</em></strong></span> <span class='ocrx_word' id='word_1_112' title='bbox 1593 1637 1689 1713; x_wconf 75' lang='grc' dir='ltr'><strong><em>ούκλ</em></strong></span> 
     </span>
     <span class='ocr_line' id='line_1_13' title="bbox 409 1738 1655 1836; baseline 0.001 -23"><span class='ocrx_word' id='word_1_113' title='bbox 409 1745 509 1814; x_wconf 77' lang='grc' dir='ltr'><strong><em>ἔστιν.</em></strong></span> <span class='ocrx_word' id='word_1_114' title='bbox 551 1751 608 1815; x_wconf 85' lang='grc' dir='ltr'><strong><em>καί</em></strong></span> <span class='ocrx_word' id='word_1_115' title='bbox 629 1746 723 1817; x_wconf 86' lang='grc' dir='ltr'><strong><em>είπεν</em></strong></span> <span class='ocrx_word' id='word_1_116' title='bbox 745 1743 839 1835; x_wconf 81' lang='grc' dir='ltr'><strong><em>αύτῷ</em></strong></span> <span class='ocrx_word' id='word_1_117' title='bbox 863 1740 883 1818; x_wconf 87' lang='lat'>6</span> <span class='ocrx_word' id='word_1_118' title='bbox 904 1743 1127 1836; x_wconf 86' lang='grc' dir='ltr'><strong><em>γραμματεύς·</em></strong></span> <span class='ocrx_word' id='word_1_119' title='bbox 1149 1753 1272 1830; x_wconf 79' lang='grc' dir='ltr'><strong><em>καλῶς,</em></strong></span> <span class='ocrx_word' id='word_1_120' title='bbox 1296 1740 1484 1828; x_wconf 87' lang='grc' dir='ltr'><strong><em>διδάσκαλε,</em></strong></span> <span class='ocrx_word' id='word_1_121' title='bbox 1506 1738 1558 1815; x_wconf 81' lang='grc' dir='ltr'><strong><em>ἐπ’</em></strong></span> <span class='ocrx_word' id='word_1_122' title='bbox 1574 1739 1655 1829; x_wconf 84' lang='grc' dir='ltr'><strong><em>άλη-</em></strong></span> 
     </span>
     <span class='ocr_line' id='line_1_14' title="bbox 408 1836 1656 1932; baseline -0.002 -18"><span class='ocrx_word' id='word_1_123' title='bbox 408 1848 504 1927; x_wconf 87' lang='grc' dir='ltr'><strong><em>θείας</em></strong></span> <span class='ocrx_word' id='word_1_124' title='bbox 533 1845 629 1928; x_wconf 83' lang='grc' dir='ltr'><strong><em>είπας</em></strong></span> <span class='ocrx_word' id='word_1_125' title='bbox 659 1840 715 1916; x_wconf 85' lang='grc' dir='ltr'><strong><em>ὅτι</em></strong></span> <span class='ocrx_word' id='word_1_126' title='bbox 745 1845 792 1928; x_wconf 82' lang='grc' dir='ltr'><strong><em>είς</em></strong></span> <span class='ocrx_word' id='word_1_127' title='bbox 822 1851 914 1917; x_wconf 79' lang='grc' dir='ltr'><strong><em>ἐστιν</em></strong></span> <span class='ocrx_word' id='word_1_128' title='bbox 945 1842 964 1916; x_wconf 91' lang='lat'>6</span> <span class='ocrx_word' id='word_1_129' title='bbox 994 1843 1077 1928; x_wconf 86' lang='grc' dir='ltr'><strong><em>θεὸς</em></strong></span> <span class='ocrx_word' id='word_1_130' title='bbox 1105 1851 1162 1915; x_wconf 82' lang='grc' dir='ltr'><strong><em>καὶ</em></strong></span> <span class='ocrx_word' id='word_1_131' title='bbox 1192 1841 1255 1916; x_wconf 89' lang='grc' dir='ltr'><strong><em>ούκ</em></strong></span> <span class='ocrx_word' id='word_1_132' title='bbox 1285 1847 1377 1916; x_wconf 84' lang='grc' dir='ltr'><strong><em>ἔστιν</em></strong></span> <span class='ocrx_word' id='word_1_133' title='bbox 1401 1840 1495 1932; x_wconf 79' lang='grc' dir='ltr'><strong><em>πλὴν</em></strong></span> <span class='ocrx_word' id='word_1_134' title='bbox 1520 1836 1656 1913; x_wconf 74' lang='grc' dir='ltr'><strong><em>αύτούι.</em></strong></span> 
     </span>
     <span class='ocr_line' id='line_1_15' title="bbox 409 1936 1691 2036; baseline 0.002 -23"><span class='ocrx_word' id='word_1_135' title='bbox 409 1936 483 2013; x_wconf 73' lang='grc' dir='ltr'><strong><em>ἀλλ’</em></strong></span> <span class='ocrx_word' id='word_1_136' title='bbox 506 1937 526 2014; x_wconf 92' lang='lat'>6</span> <span class='ocrx_word' id='word_1_137' title='bbox 551 1949 613 2032; x_wconf 76' lang='grc' dir='ltr'><strong><em>μὲν</em></strong></span> <span class='ocrx_word' id='word_1_138' title='bbox 639 1944 850 2035; x_wconf 83' lang='grc' dir='ltr'><strong><em>γραμματεύς</em></strong></span> <span class='ocrx_word' id='word_1_139' title='bbox 880 1944 935 2016; x_wconf 83' lang='grc' dir='ltr'><strong><em>διὰ</em></strong></span> <span class='ocrx_word' id='word_1_140' title='bbox 965 1952 1029 2017; x_wconf 82' lang='grc' dir='ltr'><strong><em>τοῦ</em></strong></span> <span class='ocrx_word' id='word_1_141' title='bbox 1058 1941 1165 2032; x_wconf 87' lang='grc' dir='ltr'><strong><em>νόμου</em></strong></span> <span class='ocrx_word' id='word_1_142' title='bbox 1195 1946 1261 2036; x_wconf 84' lang='grc' dir='ltr'><strong><em>τήν</em></strong></span> <span class='ocrx_word' id='word_1_143' title='bbox 1289 1949 1485 2028; x_wconf 81' lang='grc' dir='ltr'><strong><em>θεοσέβειαν</em></strong></span> <span class='ocrx_word' id='word_1_144' title='bbox 1505 1950 1691 2031; x_wconf 75' lang='grc' dir='ltr'><strong><em>μεμαθηθ</em></strong></span> 
     </span>
     <span class='ocr_line' id='line_1_16' title="bbox 407 2039 1656 2134; baseline -0.003 -21"><span class='ocrx_word' id='word_1_145' title='bbox 407 2047 502 2113; x_wconf 79' lang='grc' dir='ltr'><strong><em>κέναι</em></strong></span> <span class='ocrx_word' id='word_1_146' title='bbox 533 2049 661 2128; x_wconf 81' lang='grc' dir='ltr'><strong><em>δοκῶν,</em></strong></span> <span class='ocrx_word' id='word_1_147' title='bbox 691 2048 843 2118; x_wconf 74' lang='grc' dir='ltr'><strong><em>ἐπαινῶν</em></strong></span> <span class='ocrx_word' id='word_1_148' title='bbox 873 2044 914 2116; x_wconf 88' lang='grc' dir='ltr'><strong><em>τὸ</em></strong></span> <span class='ocrx_word' id='word_1_149' title='bbox 945 2050 1008 2116; x_wconf 86' lang='grc' dir='ltr'><strong><em>τοῦ</em></strong></span> <span class='ocrx_word' id='word_1_150' title='bbox 1029 2050 1184 2134; x_wconf 81' lang='grc' dir='ltr'><strong><em>σωτῆρος</em></strong></span> <span class='ocrx_word' id='word_1_151' title='bbox 1214 2043 1322 2134; x_wconf 75' lang='grc' dir='ltr'><strong><em>ῥητὸν</em></strong></span> <span class='ocrx_word' id='word_1_152' title='bbox 1344 2048 1500 2130; x_wconf 83' lang='grc' dir='ltr'><strong><em>φαίνεται</em></strong></span> <span class='ocrx_word' id='word_1_153' title='bbox 1527 2039 1656 2119; x_wconf 73' lang='grc' dir='ltr'><strong><em>»ἄκουε</em></strong></span> 
     </span>
     <span class='ocr_line' id='line_1_17' title="bbox 406 2134 1658 2234; baseline -0.003 -21"><span class='ocrx_word' id='word_1_154' title='bbox 406 2135 565 2231; x_wconf 73' lang='grc' dir='ltr'><strong><em>Ἰσραήλι,</em></strong></span> <span class='ocrx_word' id='word_1_155' title='bbox 588 2150 749 2232; x_wconf 82' lang='grc' dir='ltr'><strong><em>λέγοντος</em></strong></span> <span class='ocrx_word' id='word_1_156' title='bbox 774 2142 907 2234; x_wconf 78' lang='grc' dir='ltr'><strong><em>»κύριος</em></strong></span> <span class='ocrx_word' id='word_1_157' title='bbox 929 2138 948 2215; x_wconf 89' lang='lat'>6</span> <span class='ocrx_word' id='word_1_158' title='bbox 970 2140 1051 2227; x_wconf 88' lang='grc' dir='ltr'><strong><em>θεός</em></strong></span> <span class='ocrx_word' id='word_1_159' title='bbox 1066 2165 1128 2216; x_wconf 90' lang='grc' dir='ltr'><strong><em>σου</em></strong></span> <span class='ocrx_word' id='word_1_160' title='bbox 1149 2143 1195 2227; x_wconf 79' lang='grc' dir='ltr'><strong><em>είς</em></strong></span> <span class='ocrx_word' id='word_1_161' title='bbox 1215 2148 1326 2216; x_wconf 66' lang='grc' dir='ltr'><strong><em>ἐστιν(</em></strong></span> <span class='ocrx_word' id='word_1_162' title='bbox 1350 2150 1407 2214; x_wconf 84' lang='grc' dir='ltr'><strong><em>καὶ</em></strong></span> <span class='ocrx_word' id='word_1_163' title='bbox 1429 2134 1522 2230; x_wconf 83' lang='grc' dir='ltr'><strong><em>ὅρκῳ</em></strong></span> <span class='ocrx_word' id='word_1_164' title='bbox 1543 2145 1658 2221; x_wconf 85' lang='grc' dir='ltr'><strong><em>καλῶς</em></strong></span> 
     </span>
     <span class='ocr_line' id='line_1_18' title="bbox 409 2231 1657 2334; baseline -0.001 -24"><span class='ocrx_word' id='word_1_165' title='bbox 409 2245 563 2330; x_wconf 81' lang='grc' dir='ltr'><strong><em>εἰρῆσθαι</em></strong></span> <span class='ocrx_word' id='word_1_166' title='bbox 585 2240 822 2331; x_wconf 82' lang='grc' dir='ltr'><strong><em>πιστούμενος·</em></strong></span> <span class='ocrx_word' id='word_1_167' title='bbox 862 2238 931 2314; x_wconf 68' lang='grc' dir='ltr'><strong><em>»ἐπ’</em></strong></span> <span class='ocrx_word' id='word_1_168' title='bbox 959 2239 1137 2333; x_wconf 76' lang='grc' dir='ltr'><strong><em>άληθείαςι</em></strong></span> <span class='ocrx_word' id='word_1_169' title='bbox 1171 2240 1233 2334; x_wconf 83' lang='grc' dir='ltr'><strong><em>γάρ</em></strong></span> <span class='ocrx_word' id='word_1_170' title='bbox 1261 2264 1363 2332; x_wconf 83' lang='grc' dir='ltr'><strong><em>φησιν</em></strong></span> <span class='ocrx_word' id='word_1_171' title='bbox 1391 2243 1505 2324; x_wconf 78' lang='grc' dir='ltr'><strong><em>»εἶπας</em></strong></span> <span class='ocrx_word' id='word_1_172' title='bbox 1533 2231 1589 2311; x_wconf 88' lang='grc' dir='ltr'><strong><em>ότι</em></strong></span> <span class='ocrx_word' id='word_1_173' title='bbox 1611 2239 1657 2321; x_wconf 84' lang='grc' dir='ltr'><strong><em>είς</em></strong></span> 
     </span>
     <span class='ocr_line' id='line_1_19' title="bbox 408 2335 1657 2433; baseline -0.001 -23"><span class='ocrx_word' id='word_1_174' title='bbox 408 2343 501 2412; x_wconf 78' lang='grc' dir='ltr'><strong><em>ἐστιν</em></strong></span> <span class='ocrx_word' id='word_1_175' title='bbox 522 2335 542 2411; x_wconf 94' lang='lat'>6</span> <span class='ocrx_word' id='word_1_176' title='bbox 565 2341 645 2426; x_wconf 86' lang='grc' dir='ltr'><strong><em>θεὸς</em></strong></span> <span class='ocrx_word' id='word_1_177' title='bbox 666 2350 723 2414; x_wconf 84' lang='grc' dir='ltr'><strong><em>καὶ</em></strong></span> <span class='ocrx_word' id='word_1_178' title='bbox 749 2340 812 2415; x_wconf 88' lang='grc' dir='ltr'><strong><em>ούκ</em></strong></span> <span class='ocrx_word' id='word_1_179' title='bbox 837 2344 930 2415; x_wconf 80' lang='grc' dir='ltr'><strong><em>ἔστιν</em></strong></span> <span class='ocrx_word' id='word_1_180' title='bbox 960 2341 1063 2426; x_wconf 84' lang='grc' dir='ltr'><strong><em>ἄλλος</em></strong></span> <span class='ocrx_word' id='word_1_181' title='bbox 1092 2342 1185 2433; x_wconf 84' lang='grc' dir='ltr'><strong><em>πλὴν</em></strong></span> <span class='ocrx_word' id='word_1_182' title='bbox 1214 2338 1350 2414; x_wconf 75' lang='grc' dir='ltr'><strong><em>αύτοῦι.</em></strong></span> <span class='ocrx_word' id='word_1_183' title='bbox 1392 2342 1425 2413; x_wconf 84' lang='grc' dir='ltr'><strong><em>οί</em></strong></span> <span class='ocrx_word' id='word_1_184' title='bbox 1455 2345 1491 2411; x_wconf 82' lang='grc' dir='ltr'><strong><em>δὲ</em></strong></span> <span class='ocrx_word' id='word_1_185' title='bbox 1521 2339 1564 2410; x_wconf 92' lang='grc' dir='ltr'><strong><em>τά</em></strong></span> <span class='ocrx_word' id='word_1_186' title='bbox 1595 2343 1657 2427; x_wconf 85' lang='grc' dir='ltr'><strong><em>τῆς</em></strong></span> 
     </span>
     <span class='ocr_line' id='line_1_20' title="bbox 408 2434 1656 2532; baseline -0.001 -23"><span class='ocrx_word' id='word_1_187' title='bbox 408 2445 486 2524; x_wconf 82' lang='grc' dir='ltr'><strong><em>νίας</em></strong></span> <span class='ocrx_word' id='word_1_188' title='bbox 515 2438 683 2531; x_wconf 81' lang='grc' dir='ltr'><strong><em>διαθήκης</em></strong></span> <span class='ocrx_word' id='word_1_189' title='bbox 705 2438 889 2531; x_wconf 72' lang='grc' dir='ltr'><strong><em>αὐχοῦντες</em></strong></span> <span class='ocrx_word' id='word_1_190' title='bbox 910 2446 1033 2514; x_wconf 85' lang='grc' dir='ltr'><strong><em>είδέναι</em></strong></span> <span class='ocrx_word' id='word_1_191' title='bbox 1058 2439 1237 2532; x_wconf 89' lang='grc' dir='ltr'><strong><em>μυστήρια,</em></strong></span> <span class='ocrx_word' id='word_1_192' title='bbox 1260 2434 1358 2514; x_wconf 82' lang='grc' dir='ltr'><strong><em>οὗτοι</em></strong></span> <span class='ocrx_word' id='word_1_193' title='bbox 1377 2449 1435 2513; x_wconf 87' lang='grc' dir='ltr'><strong><em>καλ</em></strong></span> <span class='ocrx_word' id='word_1_194' title='bbox 1463 2436 1656 2527; x_wconf 85' lang='grc' dir='ltr'><strong><em>δεύτερον</em></strong></span> 
     </span>
     <span class='ocr_line' id='line_1_21' title="bbox 295 2534 1656 2629; baseline -0.002 -19"><span class='ocrx_word' id='word_1_195' title='bbox 295 2552 329 2610; x_wconf 79' lang='grc'><strong><em>20</em></strong></span> <span class='ocrx_word' id='word_1_196' title='bbox 408 2535 641 2614; x_wconf 78' lang='grc' dir='ltr'><strong><em>ἀναπλάττειν</em></strong></span> <span class='ocrx_word' id='word_1_197' title='bbox 654 2540 754 2614; x_wconf 71' lang='grc' dir='ltr'><strong><em>θεὸν</em></strong></span> <span class='ocrx_word' id='word_1_198' title='bbox 768 2542 952 2628; x_wconf 83' lang='grc' dir='ltr'><strong><em>βούλονται</em></strong></span> <span class='ocrx_word' id='word_1_199' title='bbox 973 2537 1192 2614; x_wconf 83' lang='grc' dir='ltr'><strong><em>ύποστάσει</em></strong></span> <span class='ocrx_word' id='word_1_200' title='bbox 1214 2549 1279 2613; x_wconf 84' lang='grc' dir='ltr'><strong><em>καὶ</em></strong></span> <span class='ocrx_word' id='word_1_201' title='bbox 1301 2536 1466 2629; x_wconf 80' lang='grc' dir='ltr'><strong><em>δυνάμει</em></strong></span> <span class='ocrx_word' id='word_1_202' title='bbox 1486 2534 1656 2626; x_wconf 78' lang='grc' dir='ltr'><strong><em>χωριζό-</em></strong></span> 
     </span>
     <span class='ocr_line' id='line_1_22' title="bbox 407 2639 1734 2729; baseline 0 -19"><span class='ocrx_word' id='word_1_203' title='bbox 407 2667 529 2729; x_wconf 89' lang='grc' dir='ltr'><strong><em>μενον</em></strong></span> <span class='ocrx_word' id='word_1_204' title='bbox 551 2639 802 2729; x_wconf 84' lang='grc' dir='ltr'><strong><em>τούπατρός.</em></strong></span> <span class='ocrx_word' id='word_1_205' title='bbox 835 2647 840 2728; x_wconf 83' lang='grc' dir='ltr'>Ι</span> <span class='ocrx_word' id='word_1_206' title='bbox 1675 2653 1734 2710; x_wconf 77' lang='grc'><strong><em>131</em></strong></span> 
     </span>
     <span class='ocr_line' id='line_1_23' title="bbox 346 2730 1688 2830; baseline 0.001 -20"><span class='ocrx_word' id='word_1_207' title='bbox 346 2737 483 2822; x_wconf 90' lang='grc' dir='ltr'><strong><em>τούτοις</em></strong></span> <span class='ocrx_word' id='word_1_208' title='bbox 504 2748 730 2830; x_wconf 88' lang='grc' dir='ltr'><strong><em>προστίθησιν</em></strong></span> <span class='ocrx_word' id='word_1_209' title='bbox 751 2738 1014 2828; x_wconf 80' lang='grc' dir='ltr'><strong><em>κατασκευάζων</em></strong></span> <span class='ocrx_word' id='word_1_210' title='bbox 1045 2734 1100 2812; x_wconf 90' lang='grc' dir='ltr'><strong><em>ὅτι</em></strong></span> <span class='ocrx_word' id='word_1_211' title='bbox 1127 2741 1173 2824; x_wconf 84' lang='grc' dir='ltr'><strong><em>είς</em></strong></span> <span class='ocrx_word' id='word_1_212' title='bbox 1195 2744 1287 2812; x_wconf 77' lang='grc' dir='ltr'><strong><em>ἐστιν</em></strong></span> <span class='ocrx_word' id='word_1_213' title='bbox 1308 2734 1328 2812; x_wconf 91' lang='lat'>6</span> <span class='ocrx_word' id='word_1_214' title='bbox 1350 2737 1432 2822; x_wconf 87' lang='grc' dir='ltr'><strong><em>θεὸς</em></strong></span> <span class='ocrx_word' id='word_1_215' title='bbox 1453 2743 1508 2809; x_wconf 82' lang='grc' dir='ltr'><strong><em>καί</em></strong></span> <span class='ocrx_word' id='word_1_216' title='bbox 1532 2730 1588 2808; x_wconf 87' lang='grc' dir='ltr'><strong><em>ὅτι</em></strong></span> <span class='ocrx_word' id='word_1_217' title='bbox 1608 2732 1653 2826; x_wconf 81' lang='grc' dir='ltr'><strong><em>μή</em></strong></span> <span class='ocrx_word' id='word_1_218' title='bbox 1671 2757 1688 2812; x_wconf 84' lang='grc'>9</span> 
     </span>
     <span class='ocr_line' id='line_1_24' title="bbox 344 2837 767 2922; baseline 0.012 -16"><span class='ocrx_word' id='word_1_219' title='bbox 344 2840 438 2910; x_wconf 73' lang='grc' dir='ltr'><strong><em>ἐστιν</em></strong></span> <span class='ocrx_word' id='word_1_220' title='bbox 458 2837 530 2922; x_wconf 87' lang='grc' dir='ltr'><strong><em>υίὸς</em></strong></span> <span class='ocrx_word' id='word_1_221' title='bbox 553 2838 608 2911; x_wconf 85' lang='grc' dir='ltr'><strong><em>διά</em></strong></span> <span class='ocrx_word' id='word_1_222' title='bbox 629 2838 767 2911; x_wconf 85' lang='grc' dir='ltr'><strong><em>τούτων</em></strong></span> 
     </span>
     <span class='ocr_line' id='line_1_25' title="bbox 407 2932 1654 3028; baseline -0.002 -19"><span class='ocrx_word' id='word_1_223' title='bbox 407 2943 477 3026; x_wconf 79' lang='lat' dir='ltr'><strong>(Nr.</strong></span> <span class='ocrx_word' id='word_1_224' title='bbox 498 2946 552 3024; x_wconf 80' lang='grc'><strong><em>38)</em></strong></span> <span class='ocrx_word' id='word_1_225' title='bbox 575 2932 630 3010; x_wconf 86' lang='grc' dir='ltr'><strong><em>ὅτι</em></strong></span> <span class='ocrx_word' id='word_1_226' title='bbox 652 2943 688 3009; x_wconf 76' lang='grc' dir='ltr'><strong><em>δὲ</em></strong></span> <span class='ocrx_word' id='word_1_227' title='bbox 710 2939 774 3028; x_wconf 84' lang='grc' dir='ltr'><strong><em>τήν</em></strong></span> <span class='ocrx_word' id='word_1_228' title='bbox 794 2936 925 3028; x_wconf 78' lang='grc' dir='ltr'><strong><em>μονάδα</em></strong></span> <span class='ocrx_word' id='word_1_229' title='bbox 949 2938 1069 3028; x_wconf 89' lang='grc' dir='ltr'><strong><em>κύριον</em></strong></span> <span class='ocrx_word' id='word_1_230' title='bbox 1093 2945 1149 3010; x_wconf 86' lang='grc' dir='ltr'><strong><em>καί</em></strong></span> <span class='ocrx_word' id='word_1_231' title='bbox 1170 2938 1255 3011; x_wconf 84' lang='grc' dir='ltr'><strong><em>θεὸν</em></strong></span> <span class='ocrx_word' id='word_1_232' title='bbox 1281 2939 1373 3011; x_wconf 86' lang='grc' dir='ltr'><strong><em>σίδεν</em></strong></span> <span class='ocrx_word' id='word_1_233' title='bbox 1394 2950 1512 3011; x_wconf 78' lang='grc' dir='ltr'><strong><em>καλεῖν</em></strong></span> <span class='ocrx_word' id='word_1_234' title='bbox 1534 2932 1554 3027; x_wconf 82' lang='grc' dir='ltr'><em>ἡ</em></span> <span class='ocrx_word' id='word_1_235' title='bbox 1576 2944 1654 3009; x_wconf 88' lang='grc' dir='ltr'><strong><em>θεία</em></strong></span> 
     </span>
     <span class='ocr_line' id='line_1_26' title="bbox 294 3027 1656 3129; baseline 0.002 -25"><span class='ocrx_word' id='word_1_236' title='bbox 294 3048 327 3104; x_wconf 76' lang='grc'><strong><em>23</em></strong></span> <span class='ocrx_word' id='word_1_237' title='bbox 409 3036 531 3128; x_wconf 82' lang='grc' dir='ltr'><strong><em>γραφή,</em></strong></span> <span class='ocrx_word' id='word_1_238' title='bbox 552 3033 616 3127; x_wconf 87' lang='grc' dir='ltr'><strong><em>ήδη</em></strong></span> <span class='ocrx_word' id='word_1_239' title='bbox 638 3045 694 3109; x_wconf 81' lang='grc' dir='ltr'><strong><em>καὶ</em></strong></span> <span class='ocrx_word' id='word_1_240' title='bbox 716 3043 753 3110; x_wconf 75' lang='grc' dir='ltr'><strong><em>ἐκ</em></strong></span> <span class='ocrx_word' id='word_1_241' title='bbox 775 3045 849 3110; x_wconf 82' lang='grc' dir='ltr'><strong><em>τῶν</em></strong></span> <span class='ocrx_word' id='word_1_242' title='bbox 870 3045 1126 3128; x_wconf 76' lang='grc' dir='ltr'><strong><em>προειρημένων</em></strong></span> <span class='ocrx_word' id='word_1_243' title='bbox 1148 3044 1254 3129; x_wconf 82' lang='grc' dir='ltr'><strong><em>δῆλον</em></strong></span> <span class='ocrx_word' id='word_1_244' title='bbox 1268 3043 1415 3128; x_wconf 82' lang='grc' dir='ltr'><strong><em>γέγονεν,</em></strong></span> <span class='ocrx_word' id='word_1_245' title='bbox 1438 3032 1479 3108; x_wconf 81' lang='grc' dir='ltr'><strong><em>δι’</em></strong></span> <span class='ocrx_word' id='word_1_246' title='bbox 1503 3027 1554 3107; x_wconf 74' lang='grc' dir='ltr'><strong><em>ὦν</em></strong></span> <span class='ocrx_word' id='word_1_247' title='bbox 1568 3036 1656 3124; x_wconf 86' lang='grc' dir='ltr'><strong><em>πρὸς</em></strong></span> 
     </span>
     <span class='ocr_line' id='line_1_27' title="bbox 407 3130 1657 3228; baseline -0.003 -19"><span class='ocrx_word' id='word_1_248' title='bbox 407 3137 471 3210; x_wconf 87' lang='grc' dir='ltr'><strong><em>τὸν</em></strong></span> <span class='ocrx_word' id='word_1_249' title='bbox 485 3138 609 3210; x_wconf 72' lang='grc' dir='ltr'><strong><em>ἑαυτοῦ</em></strong></span> <span class='ocrx_word' id='word_1_250' title='bbox 623 3135 823 3226; x_wconf 87' lang='grc' dir='ltr'><strong><em>θεράποντα</em></strong></span> <span class='ocrx_word' id='word_1_251' title='bbox 838 3145 964 3211; x_wconf 84' lang='grc' dir='ltr'><strong><em>Μωσέα</em></strong></span> <span class='ocrx_word' id='word_1_252' title='bbox 986 3135 1006 3210; x_wconf 89' lang='lat'>6</span> <span class='ocrx_word' id='word_1_253' title='bbox 1029 3138 1110 3222; x_wconf 87' lang='grc' dir='ltr'><strong><em>θεὸς</em></strong></span> <span class='ocrx_word' id='word_1_254' title='bbox 1132 3142 1197 3228; x_wconf 81' lang='grc' dir='ltr'><strong><em>ἔφη</em></strong></span> <span class='ocrx_word' id='word_1_255' title='bbox 1223 3138 1336 3208; x_wconf 75' lang='grc' dir='ltr'><strong><em>»εἶπεν</em></strong></span> <span class='ocrx_word' id='word_1_256' title='bbox 1355 3142 1390 3209; x_wconf 78' lang='grc' dir='ltr'><strong><em>δὲ</em></strong></span> <span class='ocrx_word' id='word_1_257' title='bbox 1413 3130 1433 3207; x_wconf 92' lang='lat'>6</span> <span class='ocrx_word' id='word_1_258' title='bbox 1454 3135 1536 3219; x_wconf 87' lang='grc' dir='ltr'><strong><em>θεὸς</em></strong></span> <span class='ocrx_word' id='word_1_259' title='bbox 1550 3133 1657 3208; x_wconf 89' lang='grc' dir='ltr'><strong><em>πάλιν</em></strong></span> 
     </span>
     <span class='ocr_line' id='line_1_28' title="bbox 379 3230 1655 3328; baseline -0.003 -19"><span class='ocrx_word' id='word_1_260' title='bbox 379 3262 381 3266; x_wconf 90' lang='grc'><em>·</em></span> <span class='ocrx_word' id='word_1_261' title='bbox 406 3236 493 3326; x_wconf 86' lang='grc' dir='ltr'><strong><em>πρὸς</em></strong></span> <span class='ocrx_word' id='word_1_262' title='bbox 514 3242 651 3310; x_wconf 82' lang='grc' dir='ltr'><strong><em>Μωσία·</em></strong></span> <span class='ocrx_word' id='word_1_263' title='bbox 683 3232 795 3322; x_wconf 85' lang='grc' dir='ltr'><strong><em>ούτως</em></strong></span> <span class='ocrx_word' id='word_1_264' title='bbox 816 3243 902 3328; x_wconf 75' lang='grc' dir='ltr'><strong><em>ἐρεῖς</em></strong></span> <span class='ocrx_word' id='word_1_265' title='bbox 923 3256 996 3321; x_wconf 82' lang='grc' dir='ltr'><strong><em>τοις</em></strong></span> <span class='ocrx_word' id='word_1_266' title='bbox 1017 3241 1102 3321; x_wconf 84' lang='grc' dir='ltr'><strong><em>οίοις</em></strong></span> <span class='ocrx_word' id='word_1_267' title='bbox 1122 3234 1263 3327; x_wconf 84' lang='grc' dir='ltr'><strong><em>Ἰσραήλ·</em></strong></span> <span class='ocrx_word' id='word_1_268' title='bbox 1298 3235 1413 3326; x_wconf 90' lang='grc' dir='ltr'><strong><em>κύριος</em></strong></span> <span class='ocrx_word' id='word_1_269' title='bbox 1436 3230 1455 3307; x_wconf 92' lang='lat'>6</span> <span class='ocrx_word' id='word_1_270' title='bbox 1477 3234 1560 3318; x_wconf 85' lang='grc' dir='ltr'><strong><em>θεὸς</em></strong></span> <span class='ocrx_word' id='word_1_271' title='bbox 1581 3242 1655 3306; x_wconf 84' lang='grc' dir='ltr'><strong><em>τῶν</em></strong></span> 
     </span>
     <span class='ocr_line' id='line_1_29' title="bbox 406 3329 1655 3428; baseline -0.003 -18"><span class='ocrx_word' id='word_1_272' title='bbox 406 3343 566 3426; x_wconf 83' lang='grc' dir='ltr'><strong><em>πατέρων</em></strong></span> <span class='ocrx_word' id='word_1_273' title='bbox 596 3333 707 3426; x_wconf 82' lang='grc' dir='ltr'><strong><em>ύμῶν,</em></strong></span> <span class='ocrx_word' id='word_1_274' title='bbox 739 3331 758 3408; x_wconf 90' lang='lat'>6</span> <span class='ocrx_word' id='word_1_275' title='bbox 789 3337 871 3420; x_wconf 83' lang='grc' dir='ltr'><strong><em>θεὸς</em></strong></span> <span class='ocrx_word' id='word_1_276' title='bbox 901 3335 1043 3428; x_wconf 80' lang='grc' dir='ltr'><strong><em>Ἁβραάμ</em></strong></span> <span class='ocrx_word' id='word_1_277' title='bbox 1074 3345 1130 3409; x_wconf 86' lang='grc' dir='ltr'><strong><em>καὶ</em></strong></span> <span class='ocrx_word' id='word_1_278' title='bbox 1163 3332 1183 3407; x_wconf 89' lang='lat'>6</span> <span class='ocrx_word' id='word_1_279' title='bbox 1213 3334 1295 3419; x_wconf 84' lang='grc' dir='ltr'><strong><em>θεὸς</em></strong></span> <span class='ocrx_word' id='word_1_280' title='bbox 1315 3332 1422 3408; x_wconf 80' lang='grc' dir='ltr'><strong><em>Ἰσαάκ</em></strong></span> <span class='ocrx_word' id='word_1_281' title='bbox 1447 3343 1503 3406; x_wconf 87' lang='grc' dir='ltr'><strong><em>καὶ</em></strong></span> <span class='ocrx_word' id='word_1_282' title='bbox 1531 3329 1550 3406; x_wconf 92' lang='lat'>6</span> <span class='ocrx_word' id='word_1_283' title='bbox 1574 3336 1655 3419; x_wconf 86' lang='grc' dir='ltr'><strong><em>θεὸς</em></strong></span> 
     </span>
     <span class='ocr_line' id='line_1_30' title="bbox 405 3429 1655 3529; baseline -0.002 -21"><span class='ocrx_word' id='word_1_284' title='bbox 405 3434 528 3521; x_wconf 78' lang='grc' dir='ltr'><strong><em>Ἰακώβ,</em></strong></span> <span class='ocrx_word' id='word_1_285' title='bbox 551 3432 761 3509; x_wconf 78' lang='grc' dir='ltr'><strong><em>ἀπέσταλκέν</em></strong></span> <span class='ocrx_word' id='word_1_286' title='bbox 781 3465 821 3526; x_wconf 90' lang='grc' dir='ltr'><strong><em>με</em></strong></span> <span class='ocrx_word' id='word_1_287' title='bbox 841 3436 928 3525; x_wconf 86' lang='grc' dir='ltr'><strong><em>πρὸς</em></strong></span> <span class='ocrx_word' id='word_1_288' title='bbox 949 3434 1061 3527; x_wconf 72' lang='grc' dir='ltr'><strong><em>ύμᾶςι.</em></strong></span> <span class='ocrx_word' id='word_1_289' title='bbox 1098 3432 1180 3529; x_wconf 80' lang='grc' dir='ltr'><strong><em>ὁρᾷς</em></strong></span> <span class='ocrx_word' id='word_1_290' title='bbox 1202 3429 1298 3519; x_wconf 88' lang='grc' dir='ltr'><strong><em>όποος</em></strong></span> <span class='ocrx_word' id='word_1_291' title='bbox 1313 3438 1351 3507; x_wconf 72' lang='grc' dir='ltr'><strong><em>ἓν</em></strong></span> <span class='ocrx_word' id='word_1_292' title='bbox 1372 3436 1560 3519; x_wconf 75' lang='grc' dir='ltr'><strong><em>ἐπιδεικνύς</em></strong></span> <span class='ocrx_word' id='word_1_293' title='bbox 1575 3430 1655 3525; x_wconf 75' lang='grc' dir='ltr'><strong><em>ἡμῖν</em></strong></span> 
     </span>
     <span class='ocr_line' id='line_1_31' title="bbox 405 3528 1706 3626; baseline 0 -20"><span class='ocrx_word' id='word_1_294' title='bbox 405 3540 559 3607; x_wconf 74' lang='grc' dir='ltr'><strong><em>ἐνταῦθα</em></strong></span> <span class='ocrx_word' id='word_1_295' title='bbox 580 3533 769 3624; x_wconf 84' lang='grc' dir='ltr'><strong><em>πρόσωπον</em></strong></span> <span class='ocrx_word' id='word_1_296' title='bbox 790 3535 831 3608; x_wconf 87' lang='grc' dir='ltr'><strong><em>τό</em></strong></span> <span class='ocrx_word' id='word_1_297' title='bbox 854 3534 938 3609; x_wconf 87' lang='grc' dir='ltr'><strong><em>αύτό</em></strong></span> <span class='ocrx_word' id='word_1_298' title='bbox 960 3535 1079 3626; x_wconf 89' lang='grc' dir='ltr'><strong><em>κύριον</em></strong></span> <span class='ocrx_word' id='word_1_299' title='bbox 1093 3543 1149 3608; x_wconf 86' lang='grc' dir='ltr'><strong><em>καὶ</em></strong></span> <span class='ocrx_word' id='word_1_300' title='bbox 1170 3534 1257 3608; x_wconf 86' lang='grc' dir='ltr'><strong><em>θεόν</em></strong></span> <span class='ocrx_word' id='word_1_301' title='bbox 1270 3533 1519 3626; x_wconf 79' lang='grc' dir='ltr'><strong><em>προσαγορεύει</em></strong></span> <span class='ocrx_word' id='word_1_302' title='bbox 1554 3528 1654 3619; x_wconf 88' lang='grc' dir='ltr'><strong><em>αύθίς</em></strong></span> <span class='ocrx_word' id='word_1_303' title='bbox 1672 3563 1706 3619; x_wconf 88' lang='lat'><strong><em>10</em></strong></span> 
     </span>
     <span class='ocr_line' id='line_1_32' title="bbox 407 3631 1654 3728; baseline 0.001 -22"><span class='ocrx_word' id='word_1_304' title='bbox 407 3664 444 3707; x_wconf 89' lang='grc' dir='ltr'><strong><em>τε</em></strong></span> <span class='ocrx_word' id='word_1_305' title='bbox 466 3631 591 3725; x_wconf 82' lang='grc' dir='ltr'><strong><em>ὁμοίως</em></strong></span> <span class='ocrx_word' id='word_1_306' title='bbox 616 3632 637 3726; x_wconf 82' lang='grc' dir='ltr'><em>ἦ</em></span> <span class='ocrx_word' id='word_1_307' title='bbox 664 3636 777 3728; x_wconf 83' lang='grc' dir='ltr'><strong><em>γραφή</em></strong></span> <span class='ocrx_word' id='word_1_308' title='bbox 808 3642 895 3725; x_wconf 76' lang='grc' dir='ltr'><strong><em>λέγει</em></strong></span> <span class='ocrx_word' id='word_1_309' title='bbox 926 3644 999 3708; x_wconf 79' lang='grc' dir='ltr'><strong><em>»καὶ</em></strong></span> <span class='ocrx_word' id='word_1_310' title='bbox 1021 3632 1182 3724; x_wconf 76' lang='grc' dir='ltr'><strong><em>ἐλάλησεν</em></strong></span> <span class='ocrx_word' id='word_1_311' title='bbox 1203 3633 1319 3725; x_wconf 90' lang='grc' dir='ltr'><strong><em>κύριος</em></strong></span> <span class='ocrx_word' id='word_1_312' title='bbox 1339 3632 1473 3718; x_wconf 88' lang='grc' dir='ltr'><strong><em>πάντας</em></strong></span> <span class='ocrx_word' id='word_1_313' title='bbox 1495 3634 1577 3719; x_wconf 85' lang='grc' dir='ltr'><strong><em>τούς</em></strong></span> <span class='ocrx_word' id='word_1_314' title='bbox 1598 3631 1654 3707; x_wconf 88' lang='grc' dir='ltr'><strong><em>λύ·</em></strong></span> 
     </span>
     <span class='ocr_line' id='line_1_33' title="bbox 404 3729 1654 3826; baseline -0.002 -18"><span class='ocrx_word' id='word_1_315' title='bbox 404 3764 484 3826; x_wconf 89' lang='grc' dir='ltr'><strong><em>γους</em></strong></span> <span class='ocrx_word' id='word_1_316' title='bbox 505 3734 650 3818; x_wconf 88' lang='grc' dir='ltr'><strong><em>τούτους</em></strong></span> <span class='ocrx_word' id='word_1_317' title='bbox 672 3741 796 3825; x_wconf 81' lang='grc' dir='ltr'><strong><em>λέγων·</em></strong></span> <span class='ocrx_word' id='word_1_318' title='bbox 831 3737 899 3823; x_wconf 76' lang='grc' dir='ltr'><strong><em>ἐγὼ</em></strong></span> <span class='ocrx_word' id='word_1_319' title='bbox 930 3735 1045 3824; x_wconf 91' lang='grc' dir='ltr'><strong><em>κύριος</em></strong></span> <span class='ocrx_word' id='word_1_320' title='bbox 1067 3730 1086 3806; x_wconf 87' lang='lat'>6</span> <span class='ocrx_word' id='word_1_321' title='bbox 1108 3731 1191 3817; x_wconf 87' lang='grc' dir='ltr'><strong><em>θεάς</em></strong></span> <span class='ocrx_word' id='word_1_322' title='bbox 1212 3758 1288 3819; x_wconf 90' lang='grc' dir='ltr'><strong><em>σου,</em></strong></span> <span class='ocrx_word' id='word_1_323' title='bbox 1315 3729 1334 3806; x_wconf 91' lang='lat'>6</span> <span class='ocrx_word' id='word_1_324' title='bbox 1361 3733 1536 3824; x_wconf 75' lang='grc' dir='ltr'><strong><em>ἐξαγαγών</em></strong></span> <span class='ocrx_word' id='word_1_325' title='bbox 1557 3757 1591 3807; x_wconf 84' lang='grc' dir='ltr'><strong><em>σε</em></strong></span> <span class='ocrx_word' id='word_1_326' title='bbox 1615 3740 1654 3806; x_wconf 83' lang='grc' dir='ltr'><strong><em>ἐκ</em></strong></span> 
     </span>
     <span class='ocr_line' id='line_1_34' title="bbox 406 3831 1653 3925; baseline -0.002 -19"><span class='ocrx_word' id='word_1_327' title='bbox 406 3841 467 3925; x_wconf 86' lang='grc' dir='ltr'><strong><em>γῆς</em></strong></span> <span class='ocrx_word' id='word_1_328' title='bbox 489 3835 679 3924; x_wconf 79' lang='grc' dir='ltr'><strong><em>Αἰγύπτου,</em></strong></span> <span class='ocrx_word' id='word_1_329' title='bbox 711 3839 746 3922; x_wconf 77' lang='grc' dir='ltr'><strong><em>ἐξ</em></strong></span> <span class='ocrx_word' id='word_1_330' title='bbox 776 3840 873 3907; x_wconf 80' lang='grc' dir='ltr'><strong><em>οἴκου</em></strong></span> <span class='ocrx_word' id='word_1_331' title='bbox 898 3841 1060 3918; x_wconf 79' lang='grc' dir='ltr'><strong><em>δουλείας.</em></strong></span> <span class='ocrx_word' id='word_1_332' title='bbox 1103 3831 1166 3907; x_wconf 91' lang='grc' dir='ltr'><strong><em>ούκ</em></strong></span> <span class='ocrx_word' id='word_1_333' title='bbox 1196 3837 1331 3907; x_wconf 79' lang='grc' dir='ltr'><strong><em>ἔσονταί</em></strong></span> <span class='ocrx_word' id='word_1_334' title='bbox 1357 3857 1411 3905; x_wconf 90' lang='grc' dir='ltr'><strong><em>σοι</em></strong></span> <span class='ocrx_word' id='word_1_335' title='bbox 1439 3841 1515 3905; x_wconf 85' lang='grc' dir='ltr'><strong><em>θεοὶ</em></strong></span> <span class='ocrx_word' id='word_1_336' title='bbox 1542 3835 1653 3922; x_wconf 70' lang='grc' dir='ltr'><strong><em>ἕτεροι</em></strong></span> 
     </span>
    </p>
   </div>
   <div class='ocr_carea' id='block_1_3' title="bbox 1886 2428 1891 3250">
    <p class='ocr_par' dir='ltr' id='par_1_3' title="bbox 1886 2428 1891 3250">
     <span class='ocr_line' id='line_1_35' title="bbox 1886 2428 1891 3250; baseline 0 0"><span class='ocrx_word' id='word_1_337' title='bbox 1886 2428 1891 3250; x_wconf 95' lang='lat' dir='ltr'><strong><em> </em></strong></span> 
     </span>
    </p>
   </div>
   <div class='ocr_carea' id='block_1_4' title="bbox 344 4053 1653 4226">
    <p class='ocr_par' dir='ltr' id='par_1_4' title="bbox 344 4053 1653 4226">
     <span class='ocr_line' id='line_1_36' title="bbox 428 4053 1653 4121; baseline -0.001 -9"><span class='ocrx_word' id='word_1_338' title='bbox 428 4056 606 4119; x_wconf 77' lang='grc' dir='ltr'><strong><em>3Με111ι.4,</em></strong></span> <span class='ocrx_word' id='word_1_339' title='bbox 625 4056 666 4112; x_wconf 87' lang='grc'><strong><em>13.</em></strong></span> <span class='ocrx_word' id='word_1_340' title='bbox 688 4053 799 4121; x_wconf 53' lang='grc'><strong><em>1334,</em></strong></span> <span class='ocrx_word' id='word_1_341' title='bbox 817 4055 885 4110; x_wconf 88' lang='grc'><strong><em>3-</em></strong></span> <span class='ocrx_word' id='word_1_342' title='bbox 903 4056 955 4113; x_wconf 79' lang='grc'><strong><em>511</em></strong></span> <span class='ocrx_word' id='word_1_343' title='bbox 969 4054 1056 4110; x_wconf 81' lang='lat' dir='ltr'><strong>Mark.</strong></span> <span class='ocrx_word' id='word_1_344' title='bbox 1076 4058 1116 4119; x_wconf 83' lang='lat'><strong><em>12,</em></strong></span> <span class='ocrx_word' id='word_1_345' title='bbox 1128 4055 1169 4111; x_wconf 84' lang='lat'><strong><em>28.</em></strong></span> <span class='ocrx_word' id='word_1_346' title='bbox 1187 4056 1222 4112; x_wconf 84' lang='lat'><strong><em>29</em></strong></span> <span class='ocrx_word' id='word_1_347' title='bbox 1239 4085 1273 4097; x_wconf 89' lang='lat'><em>—</em></span> <span class='ocrx_word' id='word_1_348' title='bbox 1292 4056 1307 4111; x_wconf 78' lang='grc' dir='ltr'><strong><em>ί</em></strong></span> <span class='ocrx_word' id='word_1_349' title='bbox 1329 4055 1417 4111; x_wconf 73' lang='lat' dir='ltr'>Mark.</span> <span class='ocrx_word' id='word_1_350' title='bbox 1436 4057 1478 4120; x_wconf 91' lang='grc'><strong><em>12,</em></strong></span> <span class='ocrx_word' id='word_1_351' title='bbox 1495 4055 1597 4112; x_wconf 87' lang='grc'><strong><em>29-32</em></strong></span> <span class='ocrx_word' id='word_1_352' title='bbox 1618 4086 1653 4096; x_wconf 92' lang='lat'>-</span> 
     </span>
     <span class='ocr_line' id='line_1_37' title="bbox 344 4155 1516 4226; baseline -0.003 -10"><span class='ocrx_word' id='word_1_353' title='bbox 344 4159 382 4216; x_wconf 74' lang='lat'><strong><em>15</em></strong></span> <span class='ocrx_word' id='word_1_354' title='bbox 400 4158 487 4213; x_wconf 69' lang='lat' dir='ltr'>Mark.</span> <span class='ocrx_word' id='word_1_355' title='bbox 507 4159 548 4226; x_wconf 85' lang='lat'><strong><em>12,</em></strong></span> <span class='ocrx_word' id='word_1_356' title='bbox 561 4159 594 4213; x_wconf 87' lang='grc'><strong><em>29</em></strong></span> <span class='ocrx_word' id='word_1_357' title='bbox 612 4187 647 4198; x_wconf 92' lang='grc'>-</span> <span class='ocrx_word' id='word_1_358' title='bbox 665 4158 701 4214; x_wconf 79' lang='grc'><strong><em>17</em></strong></span> <span class='ocrx_word' id='word_1_359' title='bbox 721 4156 810 4212; x_wconf 76' lang='grc' dir='ltr'><strong><em>ΜετΙτ.</em></strong></span> <span class='ocrx_word' id='word_1_360' title='bbox 829 4158 869 4223; x_wconf 87' lang='grc'><strong><em>12,</em></strong></span> <span class='ocrx_word' id='word_1_361' title='bbox 888 4157 922 4212; x_wconf 88' lang='grc'><strong><em>32</em></strong></span> <span class='ocrx_word' id='word_1_362' title='bbox 939 4188 973 4197; x_wconf 90' lang='grc'><strong>-</strong></span> <span class='ocrx_word' id='word_1_363' title='bbox 990 4157 1029 4215; x_wconf 85' lang='grc'><strong><em>23</em></strong></span> <span class='ocrx_word' id='word_1_364' title='bbox 1048 4155 1099 4212; x_wconf 77' lang='lat' dir='ltr'><strong><em>Ex.</em></strong></span> <span class='ocrx_word' id='word_1_365' title='bbox 1116 4158 1141 4224; x_wconf 91' lang='grc'><strong><em>3,</em></strong></span> <span class='ocrx_word' id='word_1_366' title='bbox 1161 4161 1193 4212; x_wconf 79' lang='grc'><strong><em>15</em></strong></span> <span class='ocrx_word' id='word_1_367' title='bbox 1210 4187 1245 4198; x_wconf 90' lang='grc'>-</span> <span class='ocrx_word' id='word_1_368' title='bbox 1262 4159 1300 4214; x_wconf 86' lang='grc'><strong><em>31</em></strong></span> <span class='ocrx_word' id='word_1_369' title='bbox 1320 4157 1369 4212; x_wconf 61' lang='lat' dir='ltr'><strong><em>En</em></strong></span> <span class='ocrx_word' id='word_1_370' title='bbox 1388 4158 1428 4223; x_wconf 86' lang='lat'><strong><em>20,</em></strong></span> <span class='ocrx_word' id='word_1_371' title='bbox 1448 4160 1516 4213; x_wconf 88' lang='grc'><strong><em>1-3</em></strong></span> 
     </span>
    </p>
   </div>
   <div class='ocr_carea' id='block_1_5' title="bbox 340 4351 1651 4731">
    <p class='ocr_par' dir='ltr' id='par_1_5' title="bbox 340 4351 1651 4731">
     <span class='ocr_line' id='line_1_38' title="bbox 429 4351 1651 4431; baseline 0.001 -17"><span class='ocrx_word' id='word_1_372' title='bbox 429 4359 444 4414; x_wconf 90' lang='grc'><strong><em>1</em></strong></span> <span class='ocrx_word' id='word_1_373' title='bbox 467 4357 518 4429; x_wconf 70' lang='grc' dir='ltr'><strong><em>μή]</em></strong></span> <span class='ocrx_word' id='word_1_374' title='bbox 535 4356 589 4428; x_wconf 67' lang='grc' dir='ltr'><strong><em>μὲν</em></strong></span> <span class='ocrx_word' id='word_1_375' title='bbox 606 4370 648 4413; x_wconf 75' lang='lat' dir='ltr'><strong><em>mr</em></strong></span> <span class='ocrx_word' id='word_1_376' title='bbox 676 4358 680 4425; x_wconf 94' lang='grc' dir='ltr'>Ι</span> <span class='ocrx_word' id='word_1_377' title='bbox 713 4357 732 4414; x_wconf 84' lang='grc'>8</span> <span class='ocrx_word' id='word_1_378' title='bbox 759 4352 839 4425; x_wconf 78' lang='grc' dir='ltr'><strong><em>ὑμῶν</em></strong></span> <span class='ocrx_word' id='word_1_379' title='bbox 857 4357 897 4412; x_wconf 76' lang='lat' dir='ltr'><strong><em>V²</em></strong></span> <span class='ocrx_word' id='word_1_380' title='bbox 927 4359 933 4425; x_wconf 96' lang='grc' dir='ltr'>Ι</span> <span class='ocrx_word' id='word_1_381' title='bbox 964 4359 984 4414; x_wconf 89' lang='grc'><strong><em>3</em></strong></span> <span class='ocrx_word' id='word_1_382' title='bbox 1011 4351 1100 4427; x_wconf 67' lang='grc' dir='ltr'><strong><em>δληςί]</em></strong></span> <span class='ocrx_word' id='word_1_383' title='bbox 1120 4364 1153 4422; x_wconf 92' lang='grc' dir='ltr'><strong><em>-Ι-</em></strong></span> <span class='ocrx_word' id='word_1_384' title='bbox 1170 4368 1219 4427; x_wconf 79' lang='grc' dir='ltr'><strong><em>τῆς</em></strong></span> <span class='ocrx_word' id='word_1_385' title='bbox 1240 4359 1357 4431; x_wconf 87' lang='grc' dir='ltr'><strong><em>καρδίας</em></strong></span> <span class='ocrx_word' id='word_1_386' title='bbox 1379 4374 1431 4414; x_wconf 87' lang='grc' dir='ltr'><strong><em>σου</em></strong></span> <span class='ocrx_word' id='word_1_387' title='bbox 1455 4361 1506 4414; x_wconf 90' lang='grc' dir='ltr'><strong><em>καλ</em></strong></span> <span class='ocrx_word' id='word_1_388' title='bbox 1531 4356 1563 4426; x_wconf 72' lang='grc' dir='ltr'><strong><em>ἐξ</em></strong></span> <span class='ocrx_word' id='word_1_389' title='bbox 1584 4354 1651 4429; x_wconf 81' lang='grc' dir='ltr'><strong><em>δλης</em></strong></span> 
     </span>
     <span class='ocr_line' id='line_1_39' title="bbox 341 4454 1651 4530; baseline -0.002 -15"><span class='ocrx_word' id='word_1_390' title='bbox 341 4459 389 4515; x_wconf 81' lang='grc' dir='ltr'><strong><em>ΝΤ</em></strong></span> <span class='ocrx_word' id='word_1_391' title='bbox 415 4461 419 4527; x_wconf 95' lang='grc' dir='ltr'>Ι</span> <span class='ocrx_word' id='word_1_392' title='bbox 452 4454 540 4530; x_wconf 59' lang='grc' dir='ltr'><strong><em>δληςί]</em></strong></span> <span class='ocrx_word' id='word_1_393' title='bbox 554 4466 586 4523; x_wconf 80' lang='grc'><strong><em>-1-</em></strong></span> <span class='ocrx_word' id='word_1_394' title='bbox 603 4464 652 4527; x_wconf 79' lang='grc' dir='ltr'><strong><em>τῆς</em></strong></span> <span class='ocrx_word' id='word_1_395' title='bbox 668 4459 796 4523; x_wconf 83' lang='grc' dir='ltr'><strong><em>διανοίας</em></strong></span> <span class='ocrx_word' id='word_1_396' title='bbox 813 4476 865 4515; x_wconf 87' lang='grc' dir='ltr'><strong><em>σον</em></strong></span> <span class='ocrx_word' id='word_1_397' title='bbox 882 4461 931 4515; x_wconf 87' lang='grc' dir='ltr'><strong><em>καί</em></strong></span> <span class='ocrx_word' id='word_1_398' title='bbox 949 4456 979 4526; x_wconf 81' lang='grc' dir='ltr'><strong><em>ἐξ</em></strong></span> <span class='ocrx_word' id='word_1_399' title='bbox 997 4454 1064 4528; x_wconf 84' lang='grc' dir='ltr'><strong><em>δλης</em></strong></span> <span class='ocrx_word' id='word_1_400' title='bbox 1080 4458 1127 4513; x_wconf 82' lang='grc' dir='ltr'><strong><em>ΝΤ</em></strong></span> <span class='ocrx_word' id='word_1_401' title='bbox 1145 4462 1189 4528; x_wconf 95' lang='grc'><strong><em>(&lt;</em></strong></span> <span class='ocrx_word' id='word_1_402' title='bbox 1206 4460 1257 4515; x_wconf 89' lang='lat' dir='ltr'><strong><em>DH</em></strong></span> <span class='ocrx_word' id='word_1_403' title='bbox 1274 4462 1351 4530; x_wconf 72' lang='lat' dir='ltr'>new.)</span> <span class='ocrx_word' id='word_1_404' title='bbox 1383 4464 1388 4529; x_wconf 94' lang='grc' dir='ltr'>Ι</span> <span class='ocrx_word' id='word_1_405' title='bbox 1422 4461 1458 4516; x_wconf 90' lang='grc'><strong><em>11</em></strong></span> <span class='ocrx_word' id='word_1_406' title='bbox 1483 4455 1586 4516; x_wconf 73' lang='grc' dir='ltr'><strong><em>ἑαυτὸν</em></strong></span> <span class='ocrx_word' id='word_1_407' title='bbox 1602 4460 1651 4525; x_wconf 69' lang='lat' dir='ltr'><strong><em>V‘,</em></strong></span> 
     </span>
     <span class='ocr_line' id='line_1_40' title="bbox 342 4558 1651 4633; baseline 0.002 -16"><span class='ocrx_word' id='word_1_408' title='bbox 342 4579 410 4617; x_wconf 81' lang='lat' dir='ltr'>corr.</span> <span class='ocrx_word' id='word_1_409' title='bbox 429 4561 467 4614; x_wconf 86' lang='lat' dir='ltr'><strong><em>V²</em></strong></span> <span class='ocrx_word' id='word_1_410' title='bbox 492 4562 496 4627; x_wconf 91' lang='grc'><strong><em>1</em></strong></span> <span class='ocrx_word' id='word_1_411' title='bbox 525 4560 561 4617; x_wconf 93' lang='grc'><strong><em>13</em></strong></span> <span class='ocrx_word' id='word_1_412' title='bbox 578 4558 669 4629; x_wconf 75' lang='grc' dir='ltr'><strong><em>λέγων</em></strong></span> <span class='ocrx_word' id='word_1_413' title='bbox 687 4559 720 4625; x_wconf 83' lang='lat' dir='ltr'><strong><em>V,</em></strong></span> <span class='ocrx_word' id='word_1_414' title='bbox 738 4576 807 4614; x_wconf 70' lang='grc' dir='ltr'><strong><em>νοτε.</em></strong></span> <span class='ocrx_word' id='word_1_415' title='bbox 821 4560 858 4614; x_wconf 83' lang='grc' dir='ltr'><strong><em>Κ1</em></strong></span> <span class='ocrx_word' id='word_1_416' title='bbox 889 4561 895 4629; x_wconf 92' lang='grc' dir='ltr'>Ι</span> <span class='ocrx_word' id='word_1_417' title='bbox 930 4560 966 4616; x_wconf 80' lang='grc'><strong><em>17</em></strong></span> <span class='ocrx_word' id='word_1_418' title='bbox 986 4560 1178 4629; x_wconf 83' lang='grc' dir='ltr'><strong><em>πιστούμενος</em></strong></span> <span class='ocrx_word' id='word_1_419' title='bbox 1195 4580 1208 4615; x_wconf 86' lang='grc' dir='ltr'><strong><em>τ</em></strong></span> <span class='ocrx_word' id='word_1_420' title='bbox 1225 4562 1321 4633; x_wconf 82' lang='lat' dir='ltr'><strong><em>ngS.</em></strong></span> <span class='ocrx_word' id='word_1_421' title='bbox 1338 4562 1397 4628; x_wconf 86' lang='grc'><strong><em>133,</em></strong></span> <span class='ocrx_word' id='word_1_422' title='bbox 1411 4564 1452 4618; x_wconf 90' lang='lat' dir='ltr'><strong><em>ll.</em></strong></span> <span class='ocrx_word' id='word_1_423' title='bbox 1469 4563 1503 4617; x_wconf 83' lang='lat'><strong><em>29</em></strong></span> <span class='ocrx_word' id='word_1_424' title='bbox 1523 4561 1651 4619; x_wconf 82' lang='grc' dir='ltr'><strong><em>πιστενδ·</em></strong></span> 
     </span>
     <span class='ocr_line' id='line_1_41' title="bbox 340 4654 1271 4731; baseline -0.002 -12"><span class='ocrx_word' id='word_1_425' title='bbox 340 4680 428 4731; x_wconf 87' lang='grc' dir='ltr'><strong><em>μενος</em></strong></span> <span class='ocrx_word' id='word_1_426' title='bbox 437 4662 461 4715; x_wconf 80' lang='lat' dir='ltr'>V</span> <span class='ocrx_word' id='word_1_427' title='bbox 485 4663 490 4729; x_wconf 94' lang='grc'><strong><em>1</em></strong></span> <span class='ocrx_word' id='word_1_428' title='bbox 524 4663 562 4718; x_wconf 84' lang='grc'><strong><em>23</em></strong></span> <span class='ocrx_word' id='word_1_429' title='bbox 580 4654 660 4718; x_wconf 83' lang='grc' dir='ltr'><strong><em>εἶπεν</em></strong></span> <span class='ocrx_word' id='word_1_430' title='bbox 677 4659 707 4717; x_wconf 71' lang='grc' dir='ltr'><strong><em>δὲ</em></strong></span> <span class='ocrx_word' id='word_1_431' title='bbox 724 4661 749 4715; x_wconf 87' lang='lat' dir='ltr'>V</span> <span class='ocrx_word' id='word_1_432' title='bbox 766 4679 793 4718; x_wconf 85' lang='lat' dir='ltr'><strong><em>u.</em></strong></span> <span class='ocrx_word' id='word_1_433' title='bbox 810 4661 927 4716; x_wconf 75' lang='lat' dir='ltr'><strong>Luciam</strong></span> <span class='ocrx_word' id='word_1_434' title='bbox 943 4662 1017 4718; x_wconf 80' lang='lat' dir='ltr'><strong><em>Lxx</em></strong></span> <span class='ocrx_word' id='word_1_435' title='bbox 1033 4665 1082 4719; x_wconf 85' lang='grc' dir='ltr'><strong><em>καί</em></strong></span> <span class='ocrx_word' id='word_1_436' title='bbox 1100 4657 1179 4720; x_wconf 81' lang='grc' dir='ltr'><strong><em>εἶπεν</em></strong></span> <span class='ocrx_word' id='word_1_437' title='bbox 1197 4663 1271 4717; x_wconf 73' lang='lat' dir='ltr'><strong><em>Lxx</em></strong></span> 
     </span>
    </p>
   </div>
   <div class='ocr_carea' id='block_1_6' title="bbox 0 0 1894 5510">
    <p class='ocr_par' dir='ltr' id='par_1_6' title="bbox 0 0 1894 5510">
     <span class='ocr_line' id='line_1_42' title="bbox 0 0 1894 5510; baseline 0 2"><span class='ocrx_word' id='word_1_438' title='bbox 0 0 1894 5510; x_wconf 95' lang='lat' dir='ltr'><strong><em> </em></strong></span> 
     </span>
    </p>
   </div>
  </div>
 </body>
</html>
