3698 5510
590 454 624 509 do
641 454 826 511 ecclesiastica
841 457 984 529 theologia
1000 458 1013 512 Ι
1031 459 1071 513 20.
1442 464 1479 525 91

178 619 233 687 ’ἐν
253 624 370 706 μορφῇ
399 612 547 689 θεοῦ(
526 623 683 739 υπῇρχεν.
727 627 779 702 τίς
800 613 875 691 δὲ
859 649 901 743 ῇν
923 612 1041 705 σῦτος;
1063 615 1170 702 ούδεὶς
1192 617 1298 704 ἀλλος
1321 614 1342 708 6
1362 616 1484 739 '160069

175 713 331 836 Χριστός.
373 712 478 800 σῦτός
500 709 563 788 οῦν
584 709 628 808 ῇν
649 716 731 801 θεὸς
753 715 854 808 λόγος
874 717 998 809 Ἰησοῦς
1021 718 1168 809 Χριστός
1192 725 1249 792 καί
1271 715 1396 807 πρὶν“
1374 748 1394 807 6
1418 717 1483 807 τὴν

174 811 282 902 σάρκα
304 825 426 902 λαβεῖν.
471 813 616 907 ἀκριβῶς
647 818 710 908 γὰρ
735 815 923 893 ἀκουστέον
949 849 1013 891 του
998 825 1131 892 ’θείου
1152 816 1349 891 ἀποστόλου
1369 826 1482 907 λέγον·
1499 833 1532 888 61

173 944 231 998 τος
265 921 391 988 »τοῦτο
422 925 621 1004 φρονείσθω
643 922 681 989 ἐν
701 915 779 1007 ὑμῖν
806 912 824 989 6
851 928 908 990 καὶ
938 924 975 991 έν
997 926 1136 1010 Χριστῷ
1158 914 1297 1008 Ἰησοῦι,
1328 925 1384 990 καί
1415 924 1482 989 δια-

140 1019 369 1100 5696066909
391 1016 466 1105 ἑξῆς
494 1023 544 1099 τίς
565 1014 644 1089 ποτ’
668 1010 710 1107 ἦν
740 1010 843 1101 οῦτος
864 1015 986 1108 Ἰησοῦς
1009 1014 1171 1106 Χριστός,
1199 1014 1244 1088 δι’
1273 1046 1325 1088 ων
1351 1021 1483 1088 ἐπισυν-

173 1111 273 1186 άπτει
304 1121 415 1202 λέγων
448 1107 504 1198 »ῦς
535 1119 572 1187 ἐν
600 1126 716 1207 μορφῇ
743 1124 828 1189 θεοῦ
853 1115 1018 1206 ὑπάρχων
1048 1113 1108 1206 οῦχ
1131 1112 1311 1206 ἀρπαγμόν
1333 1113 1482 1206 ἡγήσατο

172 1211 214 1332 τό
243 1216 331 1286 εἶναι
362 1219 416 1286 ίσα
437 1223 526 1305 θεῷ,
557 1213 631 1288 ἀλλ’
663 1216 788 1289 ἑαυτὸν
816 1222 983 1289 ἐκένωσεν
1014 1215 1152 1307 μορφὴν
1183 1214 1308 1288 δούλου
1339 1217 1483 1301 λαβών(

170 1309 251 1433 μήτι
276 1306 340 1385 οῦν
361 1309 540 1387 κάνταῦθα
562 1315 676 1387 ἐπί
639 1345 706 1407 την
727 1314 833 1405 σάρκα
855 1313 931 1389 οίόν
954 1321 1028 1388 τέέ
1030 1341 1105 1388 στιν
1127 1315 1329 1404 ἐκλαβεῖν
1294 1344 1335 1387 το
1350 1315 1483 1406 λόγιον,·
1500 1329 1535 1384 62

169 1411 213 1501 μὴ
235 1419 317 1501 περὶ
339 1419 401 1502 τῇς
423 1413 546 1504 σαρκὸς
568 1411 705 1505 άρμύζει
727 1423 837 1506 λέγειν
857 1414 899 1487 τό
925 1409 981 1498 »ῦς
1003 1422 1097 1504 ΙκαὶΙι
1070 1420 1177 1500 Ικαὶ
1200 1414 1241 1486 τὸ
1267 1411 1484 1505 ιὺπάρχωνς

125 1532 154 1585 10
170 1508 260 1583 αλλα
284 1510 329 1602 μὴ
352 1510 435 1600 σάρξ
459 1517 680 1587 »ἐκένωσεν
669 1514 793 1587 εαυτόν
818 1517 956 1605 μορφὴν
988 1515 1112 1588 δούλου
1142 1515 1293 1599 λαβώνι;
1324 1511 1412 1588 ἀλλά
1435 1546 1484 1606 γε·

169 1621 270 1683 λοῖον
295 1609 401 1684 τοῦτό
424 1641 468 1703 γε.
512 1610 585 1702 φέρ’
609 1606 670 1687 οῦν
692 1610 903 1705 ἐξετάσωμεν
926 1608 1021 1697 όπως
1037 1619 1166 1704 ε’ίρηται
1181 1612 1221 1685 τὸ
1241 1608 1297 1697 »69
1318 1619 1355 1686 έν
1368 1624 1484 1707 μορφῇ

170 1717 257 1784 θεοῦ
281 1709 445 1800 ὑπάρχων
466 1708 527 1801 οῦχ
549 1709 729 1803 άρπαγμόν
751 1710 901 1804 ῇγῇσοτο
923 1713 964 1785 τό
987 1715 1073 1787 εἶναι
1086 1718 1141 1785 ίσα
1157 1721 1240 1803 θεῷ,
1264 1709 1337 1787 ἀλλ’
1361 1715 1485 1787 ἑαυτὸν

169 1814 368 1882 ἐκένωσενι.
412 1817 440 1883 εί
460 1818 522 1900 μὲν
545 1813 586 1902 δῇ
614 1809 716 1903 λόγος
742 1805 785 1902 ῇν
811 1809 1041 1905 ἀνύπαρκτος,
1072 1822 1233 1904 μηδαμῶς
1263 1815 1394 1901 ἔξωθεν
1420 1824 1485 1889 τοῦ

169 1916 256 1982 θεοῦ
280 1907 446 1998 ὑφεστώς,
468 1907 543 1983 ἀλλ’
565 1913 666 1984 ἔνδον
688 1905 739 1984 άιν
761 1918 798 1986 ἐν
821 1911 926 2004 αύτῷ,
948 1920 1033 1987 ποτέ
1054 1920 1116 2003 μὲν
1138 1917 1176 1984 ἐν
1196 1910 1315 2005 ἡσυχίᾳ
1336 1921 1392 1984 καὶ
1408 1923 1483 2004 σιγῇ

124 2030 153 2082 15
168 2016 256 2081 ποτὲ
281 2016 317 2082 δέ
339 2016 377 2083 ἐν
398 2018 450 2101 τῷ
472 2016 629 2104 ἐνεργεῖν,
651 2018 707 2084 καί
727 2021 804 2096 πῶς
826 2007 928 2097 οῦτος
949 2006 991 2104 ἦν
1009 2019 1063 2086 »ἐν
1078 2020 1192 2104 μορφῇ
1207 2018 1322 2097 θεοῦι,
1345 2012 1482 2103 δυνάμει
1499 2022 1533 2078 63

170 2115 268 2199 [θεῷ]
295 2106 398 2196 αὐτὸς
420 2104 471 2184 ὢν
493 2107 513 2183 6
534 2109 631 2198 θεός;
660 2120 737 2197 πῶς
761 2119 797 2185 δὲ
822 2110 902 2203 »οὑχ
932 2110 1112 2203 ἁρπαγμὸν
1142 2109 1292 2201 ῇγῇσατο
1323 2112 1364 2183 τὸ
1395 2113 1481 2186 εἶναι

168 2212 221 2280 ἴσα
243 2215 352 2299 θεῷι,
384 2209 488 2295 αύτός
518 2204 570 2283 άιν
597 2209 695 2297 θεός;
723 2221 800 2297 πῶς
830 2220 866 2285 δέ
899 2218 1146 2286 »ἐταπείνωσεν
1177 2210 1303 2283 ἑαυτὸν
1328 2207 1481 2302 ὑπῇκοος

169 2305 369 2398 γενόμενος(
403 2319 455 2402 τῷ
485 2322 606 2398 πατρί;
637 2311 677 2383 τὸ
709 2312 770 2402 γάρ
797 2310 981 2386 ὑπακούειν
1002 2309 1104 2385 τόνδε
1125 2316 1215 2402 τῷδε
1243 2316 1334 2382 δυεῖν
1355 2310 1479 2401 γένοιτ’

170 2403 210 2478 ἀν
236 2409 441 2498 προσώπων
462 2408 729 2501 παραστατικόν.
773 2420 829 2483 καί
859 2411 1040 2503 ἐπειδήπερ
1071 2419 1123 2502 τῷ
1155 2409 1247 2498 παρὰ
1278 2407 1480 2499 ἀνθρώποις
1498 2427 1531 2481 64

20 2510 21 2605 Ι
124 2522 154 2577 20
169 2503 263 2597 λόγῳ
286 2516 446 2599 κέχρηται
467 2507 573 2584 είκόνι
595 2508 807 2599 Μάρκελλος,
838 2518 1004 2584 πευστέον
1025 2516 1054 2584 εί
1076 2509 1216 2582 δύναται
1243 2504 1400 2598 άρμόζειν
1425 2516 1480 2582 ἐπὶ

20 2608 21 2611 ’
170 2612 232 2677 τοῦ
255 2602 483 2698 ἀνθρωπίνου
504 2610 611 2700 λόγου
632 2609 673 2683 τὸ
701 2618 822 2700 λέγειν·
865 2605 903 2694 69
929 2614 966 2683 ἐν
993 2618 1107 2699 μορφῇ
1134 2606 1327 2699 ἀνθρώπου
1348 2602 1399 2680 άιν
1421 2607 1481 2699 ούγ

170 2700 351 2797 ὑρπαγμὸν
382 2705 532 2832 ῇγῇσάτο
562 2708 603 2781 τό
630 2713 716 2782 εἶναι
747 2716 802 2783 ἴσα
832 2709 1027 2802 ἀνθρώπῳ,
1057 2706 1131 2783 ἀλλ’
1163 2706 1286 2779 ἑαυτὸν
1315 2711 1482 2780 ἐκένωσεν

170 2803 351 2897 γενόμενος
372 2806 525 2932 ύπῇκοος
548 2817 599 2901 τῷ
622 2807 818 2901 ἀνθρώπφ;
843 2817 899 2882 καὶ
925 2818 1001 2894 πῶς
1029 2840 1047 2881 ο
1037 2805 1107 2883 ἐν
1129 2807 1307 2898 ἀνθρώπῳ
1330 2809 1482 2899 συμφυὴς

170 2902 273 2993 λόγος
296 2913 405 2979 ταῦτα
426 2907 469 2981 άν
491 2907 680 2999 ποιῇΙσειεν,
703 2913 736 2999 <6
739 2916 773 2999 v>
739 2939 851 2981 νκαι
873 2907 1003 2981 ταύτόν
1023 2906 1188 3033 ὑπάρχων
1209 2915 1261 2999 τῷ
1285 2905 1482 2999 ἀνθρωπφ;
1499 2922 1538 2978 95

125 3015 155 3072 25
171 2999 232 3074 οῦκ
256 3004 320 3127 ἄρα
344 3003 445 3128 λόγος
475 3005 576 3095 φιλός
597 3019 652 3080 καί
675 3008 914 3094 ἀνυπόστατος
937 3014 1029 3080 ἔσται
1064 3005 1139 3081 ἀλλ’
1168 3009 1239 3094 υίὸς
1252 3008 1402 3134 άλῇθῶς
1423 3038 1482 3098 μο-

172 3105 315 3224 νογενῇς
338 3114 402 3228 τοῦ
432 3104 563 3180 θεοῦ(
545 3139 563 3180 ο
589 3114 644 3181 »ἐν
665 3118 779 3199 μορφῇ
802 3115 887 3181 θεοῦ
912 3106 1111 3199 ὑπάρχων(
1139 3105 1176 3194 69
1201 3107 1280 3199 »ούχ
1303 3107 1482 3197 ἁρπαγμόν

172 3198 321 3293 ἡγήσατο
358 3206 400 3278 τό
432 3208 516 3279 εἶναι
547 3213 601 3279 ίσα
623 3216 706 3298 θεῷ,
739 3205 810 3281 ἀλλ’
842 3208 965 3280 εαυτόν
995 3214 1161 3281 ἐκένωσεν
1191 3210 1328 3300 μορφῇν
1356 3208 1483 3280 δούλου

171 3299 359 3390 λαβεόνι,α
341 3335 383 3378 ον
403 3315 460 3378 καί
474 3303 599 3427 Ἰῇσοῦν
614 3308 764 3430 Χριστόν
787 3305 963 3396 εόνόμαζεν
983 3338 1001 3378 ο
992 3303 1112 3392 θεῖος
1126 3306 1328 3393 ἀπόστολος
1351 3314 1480 3397 προῦπ-

172 3399 323 3493 άρχοντα
344 3401 453 3477 αὑτὸν
475 3414 537 3529 τῇς
563 3407 685 3497 σαρκὸς
706 3404 889 3495 ἀκριβῶςέ
890 3405 1103 3497 πιστάμενος.

125 3510 156 3567 30
255 3504 309 3575 ια’.
338 3505 427 3594 πρός
454 3506 591 3591 τούτοις
612 3516 751 3597 μεσίτην
771 3504 877 3578 αὑτὸν
900 3513 964 3577 τοῦ
985 3514 1070 3579 θεοῦ
1092 3513 1127 3594 <ο
1118 3502 1143 3595 >
1109 3504 1270 3591 οαύτός
1293 3504 1480 3596 ωνόμασεν
1498 3520 1533 3576 65

173 3602 237 3693 τὴν
259 3612 415 3689 Μωσέως
446 3614 651 3695 νομοθεσίαν
681 3610 720 3677 ἐν
748 3613 833 3695 χειρί
862 3603 969 3677 αὑτοῦ
998 3602 1159 3678 δεδόσθαι
1190 3609 1329 3695 <είπων>
1361 3603 1406 3679 δι
1430 3637 1481 3679 ων

174 3728 279 3792 φησιν
313 3699 350 3775 »6
378 3701 482 3794 νόμος
503 3711 670 3795 διαταγεὶς
693 3702 738 3777 δι’
761 3704 925 3796 ἀγγέλων,
947 3710 985 3777 ἐν
1004 3714 1087 3796 χειρί
1108 3714 1252 3793 μεσίτου.
1296 3703 1373 3779 όδέ
1394 3715 1481 3796 μεσί·

174 3831 234 3892 της
256 3801 333 3886 ἑνός
356 3800 418 3875 οῦκ
440 3809 546 3889 ἔστιν,
578 3800 597 3875 6
624 3811 660 3876 δὲ
687 3803 768 3888 θεὸς
791 3804 838 3887 είς
861 3808 980 3875 ἐστινι.
1025 3802 1157 3889 ἀκούεις
1188 3801 1283 3890 ὅπως
1304 3812 1397 3890 ἰδίως
1421 3804 1483 3877 τὸν

258 4024 273 4078 1
295 4023 367 4079 Phil.
386 4026 410 4091 ε,
428 4000 445 4080 ο
462 4055 496 4065 -
522 4025 630 4080 κεῖτο.
649 4026 673 4091 2,
692 4030 708 4082 5
731 4055 762 4066 -
786 4026 805 4081 ε
823 4026 895 4080 Phil.
914 4027 938 4091 2,
956 4028 980 4082 ο.
1000 4028 1014 4080 ι
1041 4055 1073 4065 -
1101 4026 1141 4082 οι
1165 4026 1237 4080 Phil.
1255 4028 1279 4093 2,
1297 4028 1321 4081 σ.
1340 4029 1355 4080 ι
1381 4055 1414 4065 -
1443 4028 1477 4081 11

172 4121 244 4178 σευ.
262 4125 287 4189 ε,
305 4127 329 4181 6.
349 4129 363 4180 ι
383 4155 416 4163 -
440 4126 506 4182 ιετ
520 4126 577 4196 vgl.
594 4126 641 4182 Νι.
660 4128 701 4183 οι.
719 4130 752 4181 οι
774 4157 808 4168 -
832 4127 891 4182 ιει
906 4127 976 4181 Phil.
996 4129 1020 4189 2,
1038 4130 1055 4183 ο
1072 4157 1105 4167 -
1125 4129 1160 4183 ιι
1183 4128 1254 4184 Phil.
1272 4129 1331 4195 κε
1353 4158 1386 4166 -
1414 4128 1484 4184 ιοτ

173 4225 226 4295 τρε
247 4225 294 4279 Νι.
313 4227 354 4281 σε.
372 4227 406 4282 οσ
423 4256 457 4265 -
475 4227 515 4282 εσ
533 4226 604 4281 Phil.
622 4227 646 4293 2,
665 4230 682 4283 6
700 4258 732 4266 -
750 4227 822 4283 Phil.
839 4230 864 4289 ε,
881 4232 905 4284 ο.
926 4230 940 4281 ι
958 4258 991 4266 -
1008 4228 1045 4284 τε
1065 4229 1126 4283 εει.
1143 4229 1168 4293 ε,
1188 4232 1227 4285 ιο.
1245 4232 1279 4284 εο

256 4424 463 4481 Maletum
494 4427 499 4493 Ι
533 4426 572 4483 16
595 4427 644 4482 καί
662 4445 696 4481 zu
714 4427 781 4483 stu?
813 4429 818 4497 Ι
853 4430 890 4485 18
917 4432 1072 4499 θεῷ<ω
1106 4433 1110 4497 Ι
1143 4428 1160 4485 6
1186 4447 1219 4484 zu
1237 4428 1306 4483 παλ
1329 4430 1384 4499 vgl.
1403 4430 1429 4483 Z.
1450 4434 1480 4485 17

207 4526 246 4583 22
265 4522 414 4600 ἀνθρώπῳ
431 4528 467 4581 Kl
485 4531 545 4599 θεῷ
564 4529 589 4581 V
621 4528 626 4596 Ι
659 4529 698 4584 28
717 4524 886 4603 666666161]
906 4527 1022 4602 θανάτῳ
1039 4548 1067 4583 m
1099 4532 1104 4598 Ι
1137 4531 1176 4585 24
1195 4526 1225 4585 ἐν
1244 4530 1279 4584 Κ]
1306 4532 1311 4598 Ι
1341 4531 1380 4588 2ss
1404 4528 1436 4597 69
1452 4550 1479 4585 m

174 4616 207 4693 ῦς
225 4629 249 4680 V
281 4630 287 4696 1
320 4629 360 4685 28
378 4623 576 4697 ὠνόμασενια
595 4630 650 4698 vgl.
668 4630 695 4683 Z.
713 4633 747 4683 30
779 4632 783 4695 Ι
815 4630 855 4685 θθ
874 4627 927 4701 69
959 4633 963 4697 Ι
997 4630 1033 4686 31
1054 4627 1181 4700 εἰπὼνς
