3698 5510
577 509 611 565 de
629 509 815 566 ecelesiastica
831 509 973 581 theologia
990 515 1015 567 II
1033 516 1142 570 21-23.
1459 519 1516 583 133

209 683 283 746 τιῦν
305 673 446 747 αἰώνων
467 668 566 745 καί
545 672 614 745 απὸ
636 679 711 744 τιῦν
726 681 873 762 γενειῦν(
891 675 1003 748 διά
961 706 1023 766 της
1039 673 1146 750 αῦτοῦ
1160 675 1298 767 χάριτος
1313 673 1515 767 έταμιεύετο,

207 766 294 847 ἰν
268 806 296 897 ῳ
318 767 532 864 μυστηρίῳς
513 804 532 844 ο
553 779 629 860 περὶ
652 778 714 862 τῆς
736 769 831 862 ἀγίας
852 773 992 864 τριάδος
1013 775 1145 865 πατρὸς
1166 785 1222 848 καὶ
1243 780 1319 848 υἰοῦ
1339 780 1397 847 καί
1420 770 1517 864 ἀγίου

207 874 401 964 πνεύματος
422 880 607 961 περιείχετο
631 868 739 961 λόγος.
783 904 802 944 ο
792 869 860 946 δὲ
882 882 1033 948 τοσαῦτα
1054 877 1256 965 συναγαγών
1278 870 1341 946 ὅσα
1363 873 1405 946 ἀν
1426 880 1549 947 εἰποιὸ

207 984 264 1047 καὶ
278 971 450 1048 Ἰουδαίων
471 969 673 1056 διδάσκαλος
695 979 771 1061 περὶ
793 979 855 1063 τῆς
870 979 1015 1065 έκτομῆς
1037 971 1169 1064 ὁμιλῶν
1191 981 1228 1047 ἰν
1248 971 1419 1048 Ἰουδαίων
1440 997 1516 1045 συν·

173 1082 336 1164 σαγωγῇ,
372 1073 569 1163 σεμνύνεται
604 1090 678 1155 τοῖς
715 1080 863 1160 Χριστοῦ
892 1085 1062 1165 μαθηταῖς
1091 1084 1201 1148 ταῦτα
1230 1072 1516 1164 προβαλλόμενος,

207 1174 270 1247 οῦκ
300 1175 398 1255 εἰδώς
428 1168 483 1246 ότι
509 1180 651 1244 πλείονα
677 1169 784 1246 αῦτοῦ
805 1177 894 1246 εἰποι
917 1173 960 1245 ἀν
992 1171 1010 1247 ό
1042 1173 1235 1263 σωματικάς
1255 1173 1419 1257 Ἰουδαῖος.
1462 1178 1517 1245 ἐπὶ

208 1274 346 1358 τούτοις
367 1280 429 1364 μὲν
451 1266 513 1346 οῦν
535 1269 636 1361 αῦχεῑ,
660 1273 722 1356 τὰς
744 1270 777 1344 δ’
802 1270 941 1363 ἀληθείς
962 1283 1039 1363 περὶ
1062 1281 1125 1348 τοῦ
1140 1282 1296 1365 σωτῆρος
1317 1271 1415 1364 ἡμῶν
1437 1284 1517 1345 θεο-

208 1384 325 1464 λογίας
346 1379 562 1462 διαστρέφων
583 1369 646 1443 οῦκ
667 1371 922 1462 ἐγκαλύπτεται.
962 1380 966 1463 Ι
1536 1380 1594 1435 141

290 1480 332 1548 23
353 1471 473 1545 αὐτίκα
496 1465 587 1545 δ
547 1500 610 1545 ουν
631 1468 673 1543 οῦ
694 1480 847 1563 συνίησιν
873 1473 935 1555 τὰς
962 1473 1081 1561 φωνάς
1108 1503 1171 1546 του
1155 1480 1291 1546 θείου
1312 1469 1516 1556 ἀποστόλου
1536 1476 1626 1536 θτι
1595 1483 1634 1565 μη
1652 1479 1701 1534 δύο

159 1589 190 1643 10
208 1571 383 1697 διαφόρως
404 1570 603 1660 διδάξαντος
625 1568 732 1644 αὐτόν
753 1574 839 1644 εἰναι
861 1569 977 1644 εἰκόνα
998 1581 1062 1646 τοῦ
1083 1580 1167 1645 θεοῦ
1188 1580 1243 1648 74¹
1265 1568 1307 1644 δι’
1336 1564 1388 1642 οόν
1409 1574 1518 1657 ἒξεθέ·
1535 1547 1701 1699 Ξῖζξῗαίξῆ

207 1680 274 1763 μην
296 1670 403 1747 αῦτοῦ
425 1680 564 1760 λέξεων,
597 1677 675 1744 δέον
704 1677 865 1744 ἐντεῦθεν
895 1691 1042 1744 συνεῖναι
1065 1705 1113 1757 ως
1144 1669 1185 1745 ού
1211 1670 1271 1744 δύο
1298 1670 1401 1754 θεοὺς
1422 1702 1443 1760 η
1432 1668 1517 1742 ἐκ·
1570 1682 1671 1751 ρι’ττει

209 1782 331 1863 κλησία
352 1781 416 1845 τοῦ
439 1780 522 1845 θεοῦ
543 1771 716 1863 κηρύττει
747 1768 789 1844 οῦ
818 1771 881 1860 γάρ
909 1771 968 1844 δύο
996 1769 1164 1863 ἀγέννητα
1191 1769 1269 1845 οῦδὲ
1296 1770 1400 1843 δῦο”
1379 1798 1517 1859 αναρχα,

210 1870 258 1957 ιός
279 1869 447 1955 πολλάκις
470 1869 548 1962 ἡμῖν
571 1877 714 1961 εἴρηται,
746 1867 823 1943 οῦδὲ
846 1869 906 1942 δύο
930 1868 1044 1955 οῦσίας
1070 1876 1105 1959 ἐξ
1132 1879 1298 1961 ἰσοτιμίας
1320 1867 1518 1958 ἀντιπαρεξ·

210 1979 376 2063 αγομένας
401 1969 564 2062 ἀλλήλαις
590 1968 727 2061 εἰσάγει,
759 1968 811 2042 διὸ
841 1968 917 2044 οῦδὲ
947 1971 1008 2044 δύο
1038 1971 1155 2056 θεούς,
1187 1969 1272 2044 ἀλλὰ
1302 1976 1382 2060 μίαν
1412 1966 1518 2059 ἀρχὴν

158 2088 190 2141 15
208 2079 266 2144 κἀἰ
297 2072 383 2145 θεὸν
412 2079 468 2144 καί
499 2070 563 2143 τὸν
593 2067 699 2143 αύτὸν
728 2077 860 2159 πατέρα
886 2069 1088 2144 διδάσκουσα
1113 2074 1199 2143 εἰναι
1225 2078 1289 2143 τοῦ
1314 2074 1519 2160 μονογενοῦς

208 2179 264 2241 καί
294 2168 473 2260 ἀγαπητοῦ
502 2175 591 2255 υἱοῦ,
623 2168 787 2254 ωσαύτως
817 2177 853 2242 δὲ
884 2180 940 2243 καὶ
970 2179 1049 2261 μίαν
1082 2168 1197 2243 εἰκόνα
1230 2177 1312 2242 »τοῦ
1342 2176 1427 2242 θεοῦ
1457 2175 1520 2240 τοῦ

209 2265 395 2358 ἀοράτουτ,
426 2270 491 2361 τὴν
518 2268 627 2361 αὐτὴν
654 2264 759 2343 οὖσαν
782 2277 831 2361 τῷ
855 2291 1035 2361 μονογενει
1053 2280 1109 2343 καὶ
1131 2269 1295 2360 ἀγαπητῷ
1318 2274 1380 2362 υἰῷ
1404 2267 1519 2342 αύτοῦ.

208 2369 274 2442 κᾶν
304 2378 384 2460 λέγη
411 2376 446 2442 δὲ
474 2366 493 2442 6
520 2366 713 2452 ἀπόστολος
738 2378 921 2460 θεολογῶν
952 2371 1016 2443 τὸν
1045 2378 1177 2459 πατέρα
1210 2368 1248 2442 >6
1270 2366 1432 2459 μακάριος
1462 2377 1518 2439 καὶ

208 2469 315 2559 μόνος
337 2468 518 2560 δυνάστηςι
552 2479 608 2541 καὶ
638 2467 744 2543 πάλιν
768 2466 806 2542 »6
828 2467 934 2560 μόνος
956 2474 1044 2559 ἔχων
1074 2468 1277 2553 ἀθανασίαν,
1309 2476 1385 2555 φῶς
1412 2473 1551 2540 οἰκοῦνι

157 2582 191 2636 20
209 2565 417 2659 ἀπρόσιτον(
442 2579 498 2642 καὶ
519 2562 619 2653 αὖθις
646 2578 714 2661 »τῷ
730 2576 766 2642 δὲ
780 2582 910 2656 βασιλεῖ
922 2578 996 2642 τιῦν
1012 2571 1161 2653 αἰώνων,
1184 2565 1355 2658 ἀφθάρτῳ
1378 2563 1516 2657 ἀοράτῳ

209 2669 305 2759 μόνῳ
327 2676 419 2761 θεῷι
444 2676 500 2739 καί
521 2666 626 2740 πάλιν
659 2666 770 2759 »μόνῳ
794 2678 893 2761 σοφῷ
920 2677 993 2760 θεῷ
1017 2670 1071 2741 διὰ
1092 2666 1198 2759 Ἰησοῦ
1221 2672 1372 2756 Χριστοῦ
1395 2661 1415 2755 ἡ
1437 2661 1520 2751 δόξα

208 2776 255 2852 εἰς
278 2769 358 2852 τούς
381 2775 521 2852 αἰῶνας·
552 2764 671 2859 ἀμήνι,
701 2767 766 2840 κάν
789 2768 925 2841 τούτων
951 2773 1002 2840 έτι
1029 2776 1172 2840 πλείονα
1194 2775 1333 2858 λέγηται
1354 2772 1402 2849 εἰς
1423 2772 1519 2851 δοξο-

209 2878 329 2958 λογίαν
359 2874 423 2941 τοῦ
453 2868 529 2951 ἑνός
559 2877 615 2939 καί
646 2874 701 2940 ἐπὶ
727 2865 871 2942 πάντων
897 2877 1082 2953 θεοῦ,καί
1108 2867 1248 2940 τούτων
1269 2863 1436 2939 ἀπάντων
1456 2864 1521 2955 χρὴ

210 2988 301 3041 νοεῖν
323 2967 439 3041 εἰκόνα
462 2969 605 3040 εἰναι
568 2997 633 3040 τον
653 2975 822 3058 μονογενῆ
844 2967 919 3040 υἰόν
948 2976 1011 3041 τοῦ
1038 2975 1133 3049 θεοῦ,
1161 2965 1221 3056 οῦχ
1244 2998 1292 3051 ως
1314 2964 1434 3057 ἀφύχῳ
1456 2960 1519 3053 ῦλη

156 3085 190 3141 25
208 3064 282 3140 ἀλλ’
310 3099 358 3151 ως
385 3072 422 3138 ἐν
448 3071 510 3158 υἰῷ
535 3075 639 3155 ζῶντι
666 3075 943 3159 μεμορφωμένην.
984 3064 1050 3139 κάν
1081 3065 1184 3148 αῦτός
1214 3062 1233 3139 6
1264 3068 1381 3157 σωτὴρ
1410 3064 1519 3153 μόνον

208 3164 374 3257 ἀληθινόν
396 3167 481 3239 θεὸν
503 3165 642 3255 διδάσκη
665 3167 808 3239 εἰναι
771 3197 836 3239 τον
857 3174 989 3257 πατέρα
1015 3174 1127 3257 λέγων
1151 3170 1225 3237 »ἰύα
1248 3167 1462 3256 γινωσκωσιν
1484 3169 1520 3235 σὲ

210 3266 271 3339 τόν
293 3263 402 3355 μόνον
424 3264 594 3356 ἀληθινόν
620 3264 740 3352 θεόνι,
772 3264 845 3339 ἀλλ’
878 3263 941 3339 οῦκ
971 3266 1188 3358 ἀποκνητέον
1218 3276 1274 3338 καὶ
1305 3262 1412 3337 αὐτὸν
1434 3262 1520 3335 θεὸν

209 3363 378 3456 ἀληθινόν
398 3361 579 3456 όμολογεῑν
601 3398 649 3449 ως
671 3372 708 3438 έν
731 3362 835 3438 εἰκόνι
865 3376 921 3439 καὶ
952 3373 1056 3440 τοῦτο
1072 3371 1305 3489 κεκτημένον,
1332 3360 1433 3435 ἰνα“
1414 3369 1520 3452 ητοῦ

208 3462 317 3555 μόνου
337 3463 518 3556 προσθήκη
540 3463 635 3558 μόνῳ
653 3497 703 3557 τῳ
686 3463 864 3554 πατρὶ(
838 3498 885 3551 ως
902 3464 944 3537 ἂν
958 3464 1138 3558 ἀρχετύπῳ
1158 3472 1220 3555 τῆς
1235 3463 1366 3548 εἰκόνος
1381 3458 1518 3553 ἀρμόζη.

157 3583 192 3636 30
208 3572 405 3685 σαφέστατα
427 3571 511 3655 γοῦν
533 3564 648 3690 εἰκόνα
668 3563 768 3638 καὶ’
747 3565 946 3654 ἀπαύγασμα
972 3574 1036 3639 τοῦ
1066 3565 1197 3657 πατρὸς
1232 3569 1287 3636 »ἐν
1312 3570 1445 3653 μορφῇ(
1479 3574 1553 3632 τε3

209 3672 272 3737 τοῦ
299 3671 386 3737 θεοῦ
411 3667 496 3737 εἰναι
527 3664 634 3738 αὐτόν
664 3662 684 3738 6
714 3676 893 3750 θεσπέσιος
923 3672 1072 3752 ἐδίδαξεν
1103 3672 1250 3748 Παῦλος,
1282 3661 1330 3747 οἷς
1359 3662 1414 3734 διὰ
1444 3668 1519 3732 τῶν

209 3769 402 3854 ἔμπροσθεν
424 3762 668 3838 ἀποδέδεικται
705 3763 819 3855 ὥσπερ
835 3759 897 3837 οὖν
919 3765 994 3849 ἑνὸς
1014 3761 1215 3852 ἀφεστῶτος
1229 3763 1359 3850 πατρὸς
1373 3769 1429 3833 καὶ
1444 3760 1519 3843 ἑνός

209 3869 286 3937 υἱοῦ
308 3864 438 3952 φύντος
460 3870 497 3936 ἐκ
520 3873 582 3937 τοῦ
603 3865 734 3954 πατρὸς
749 3862 811 3938 οῦκ
833 3865 877 3936 ἀν
899 3897 952 3948 τις
973 3858 1010 3937 εὖ
1032 3872 1174 3954 φρονοῦν
1190 3868 1279 3935 εἴποι
1295 3861 1355 3933 δύο
1369 3869 1520 3950 πατέρας

207 3961 370 4053 ύπάρχειν
392 3963 470 4037 οῦδὲ
484 3964 577 4047 υἰούς
600 3964 669 4049 δύο,
691 3973 746 4036 καί
764 3963 878 4054 ὥσπερ
893 3972 1057 4051 βασιλέως
1071 3971 1282 4053 κρατοῦντος
1297 3961 1373 4043 ἑνός
1388 3958 1520 4041 εἰκόνος

157 4079 190 4133 35
208 4070 243 4136 δὲ
271 4061 377 4136 αῦτοῦ
401 4072 579 4153 πανταχοῦ
604 4070 665 4154 ἰῆς
695 4072 953 4154 προφερομένης
983 4060 1046 4136 οῦκ
1076 4063 1119 4135 ἀν
1150 4092 1202 4146 τις
1232 4068 1428 4150 σωφρονῶν
1458 4057 1519 4129 δύο

294 4234 334 4291 ιο
357 4233 412 4304 vgl.
430 4235 457 4291 s,
475 4237 517 4304 οε,
536 4239 576 4291 14.
613 4238 670 4303 τοι,
689 4237 775 4291 τοττι
801 4265 834 4275 -
862 4236 899 4291 ιο
917 4235 978 4290 σοι.
999 4238 1065 4297 1.1.·›
1092 4263 1124 4274 -
1152 4233 1190 4289 ιε
1208 4233 1220 4286 1
1238 4231 1306 4286 τεο.
1320 4234 1344 4297 ο,
1361 4234 1394 4286 ιο
1419 4261 1452 4269 -
1480 4229 1519 4285 ιο

207 4335 221 4390 1
238 4336 307 4392 τεο.
316 4338 341 4404 ο,
353 4340 387 4393 ιο
404 4365 438 4376 -
455 4336 496 4393 εο
514 4338 525 4391 1
543 4337 611 4393 σιω.
622 4340 645 4401 1,
656 4340 688 4392 τι
705 4368 739 4377 -
758 4338 795 4392 ει
814 4337 986 4403 Romam
1005 4366 1038 4375 -
1056 4334 1302 4399 26J011.17,3-
1320 4334 1360 4389 εο
1378 4331 1520 4399 K01.1,15

207 4466 240 4477 -
261 4437 343 4492 σοι.
361 4441 386 4504 1,
407 4439 424 4494 3
441 4467 474 4478 -
492 4438 563 4494 Phil.
582 4440 606 4506 ι,
624 4440 642 4494 ο

293 4584 482 4656 ῦόμνύνεται
500 4588 548 4652 V*‚
567 4605 635 4644 corr.
654 4590 693 4644 V²
725 4592 729 4658 Ι
762 4590 799 4645 15
817 4591 879 4644 καί2
896 4589 932 4643 Κ]
951 4582 1024 4645 εἶναι
1045 4588 1069 4640 V
1094 4590 1098 4657 Ι
1123 4588 1161 4643 22
1181 4580 1272 4641 έτιίἰ2
1293 4579 1337 4640 ὅτι
1356 4584 1420 4651 W!
1445 4580 1519 4653 λέγει

208 4707 240 4744 το
259 4690 299 4741 V*
317 4687 439 4760 (λέγοιτο
459 4690 515 4757 V2),
534 4707 601 4746 corr.
621 4692 656 4746 Kl
688 4694 693 4760 Ι
726 4692 764 4747 35
783 4688 1009 4761 περιφερομένης
1029 4703 1070 4743 mr
