3698 5510
376 451 434 513 112
959 442 1092 500 Eusebius

373 607 508 680 ἄτοπον
531 613 586 680 ἐπὶ
608 614 669 695 μὲν
697 598 747 678 τόν
774 603 877 689 αῦτὸς
908 603 1031 679 ἑαυτὸν
1061 603 1239 698 ω’νόμασεν
1259 608 1304 699 μῆ
1335 613 1443 698 λέγειν
1473 610 1508 679 έν
1542 607 1675 681 τοῦτων

371 707 458 780 είναι
484 715 540 779 καὶ
568 704 666 778 οῦδὲν
696 707 828 794 ἕτερον,
860 711 916 778 ἐπὶ
947 713 983 777 δέ
1013 712 1074 796 τῆς
1105 714 1168 779 τοῦ
1198 705 1435 798 εὐαγγελιστοῦ
1464 716 1541 795 περὶ
1573 705 1676 781 αῦτοῦ

372 813 502 897 φωνῆς,
525 813 586 897 τῆς
608 804 714 895 λόγον
737 804 843 878 αὐτόν
859 800 1071 895 οἷνειποῦσης,
1094 812 1367 892 διαβεβαιοῦσθαι
1382 804 1430 891 αλς
1444 805 1543 880 οῦδὲν
1559 808 1675 898 ἕτερον

372 898 414 997 ῆν
435 903 457 997 ἢ
480 903 589 997 λόγος.
633 904 797 979 ἀλλὰκαὶ
1690 932 1706 988 8

337 1030 353 1082 ο
432 1009 504 1093 (Nr.
527 1011 579 1094 40)
602 1014 727 1095 κυρίως
750 1012 877 1097 (φησὶν)
899 1014 956 1078 καὶ
978 1002 1119 1095 ἀληθῶς
1141 1002 1304 1096 ὑπάρχων
1326 1004 1452 1095 (λόγος.

371 1110 461 1177 διατί
482 1105 585 1197 δὲμὴ
607 1115 732 1195 κυρίως
754 1115 809 1179 καὶ
831 1103 973 1197 ἀληθοῦς
995 1102 1174 1195 ῦπόρχων>
1205 1104 1302 1191 θεός;
1334 1103 1375 1178 οῦ
1405 1106 1467 1194 γὰρ
1494 1104 1537 1195 δὴ
1564 1106 1676 1196 ἕτερος

371 1197 415 1295 ἦν
436 1201 455 1278 ό
479 1203 585 1294 λόγον
608 1203 714 1278 αὐτὸν
736 1202 903 1291 όνειποόν,
936 1207 1050 1297 ἕτερος
1081 1210 1117 1276 δὲ
1150 1199 1169 1277 ό
1200 1203 1284 1277 θεὸν
1307 1202 1533 1287 ἀποκαλέσας·
1570 1205 1617 1289 εἷς
1642 1212 1676 1277 δέ

370 1313 426 1376 καὶ
457 1301 476 1377 ό
507 1302 610 1389 αῦτός
637 1302 873 1395 εόαγγελιοτῆς
905 1302 990 1397 ὁμοῦ
1021 1305 1139 1394 <θεὸν>
1169 1313 1226 1376 καὶ
1256 1303 1362 1395 λόγον
1392 1302 1499 1376 αὐτόν
1530 1310 1677 1393 ἐδίδαξεν

369 1406 478 1477 εἰπών
504 1413 577 1477 »καὶ
599 1404 681 1488 θεὸς
703 1396 745 1494 ῆι·
768 1401 787 1476 ό
810 1402 941 1494 λόγοςι,
964 1402 983 1476 ὁ
1006 1401 1040 1475 δ’
1063 1402 1166 1487 αὐτὸς
1187 1412 1243 1476 καὶ
1266 1411 1341 1492 φῶς
1362 1400 1469 1476 αῦτόν
1491 1401 1676 1495 ω’νόμασεν.

319 1523 352 1577 10
369 1511 461 1576 διατί
482 1497 544 1576 οῦν
565 1506 611 1596 μῆ
632 1514 760 1595 κυρίως
781 1513 838 1576 καὶ
861 1500 1002 1594 ἄληθῶς
1023 1503 1099 1577 υἱόν
1120 1510 1288 1594 μονογενῆ
1309 1512 1365 1575 καὶ
1388 1497 1450 1575 όσα
1469 1502 1561 1577 ἄλλα
1575 1501 1676 1589 αότὸς

369 1597 388 1675 ό
411 1600 654 1695 δεσπότηςκαὶ
676 1605 792 1694 σωτὴρ
823 1604 910 1694 <διὰ>
937 1611 1001 1678 τοῦ
1032 1601 1268 1693 εὐαγγελιστοῦ
1297 1610 1373 1692 περὶ
1403 1603 1528 1675 ἑαυτοῦ
1557 1631 1676 1694 μεμαρ-

368 1700 526 1792 τῦρηκεν;
549 1700 568 1776 ό
590 1708 627 1776 δὲ
648 1701 763 1777 πάντα
785 1712 903 1793 παρείς
925 1703 1034 1796 μόνον
1056 1702 1159 1794 λόγον
1181 1700 1288 1775 αότόν
1308 1711 1434 1793 κυρίως
1455 1711 1512 1775 καὶ
1535 1699 1675 1795 σῖληθιῦς

367 1799 530 1892 ῦπόρχειν
553 1812 667 1894 φησίν·
688 1810 744 1873 καὶ
766 1811 995 1893 προστίθησιν
1018 1800 1066 1886 τός
1088 1802 1153 1892 ἄρα
1175 1799 1283 1892 μόνον
1306 1807 1356 1892 εἴη
1378 1798 1490 1893 λόγος,
1515 1806 1673 1874 ἐντεῦθέν

367 1932 405 1974 τε
427 1910 637 1975 καταπίπτει
659 1906 714 1973 ἐπὶ
736 1902 802 1991 τῆν
824 1909 887 1974 τοῦ
910 1898 1129 1991 ἀνθρωπείου
1151 1899 1256 1991 λόγου
1276 1895 1473 1991 ὁμοιότητα.
1507 1912 1512 1987 Ι
1691 1920 1741 1975 118

317 2022 349 2074 15
449 2008 491 2076 11
511 2011 568 2073 καὶ
590 2011 667 2090 φῶς
691 2009 753 2090 μὲν
780 1999 887 2073 αῦτόν
913 1998 1051 2073 ἆκοῦων
1079 1998 1140 2073 οῦκ
1161 2004 1316 2074 ἐκπίπτει
1337 2006 1393 2074 έπὶ
1415 1999 1456 2073 τό
1479 2000 1674 2093 σωματικόν
1703 2013 1741 2075 ὅτι
1755 2017 1811 2074 τοτὲ

367 2109 456 2189 φῶς,
489 2098 561 2174 οῦδ
584 2096 703 2191 ὅμοιον
729 2097 836 2173 αὐτόν
863 2103 948 2172 εἶναί
970 2124 1052 2191 φησι
1082 2107 1133 2190 τῷ
1165 2097 1265 2192 ῆλίου
1297 2108 1423 2192 φέγγει,
1457 2106 1514 2174 ἐπὶ
1546 2107 1583 2173 δὲ
1611 2083 1823 2227 τοιῦσῗρθῖξῖῗί

366 2197 471 2290 λόγου
502 2200 709 2291 σημαντικόν
739 2199 846 2273 αὐτόν
876 2207 1015 2272 δίδωσιν
1044 2210 1100 2273 καὶ
1128 2194 1248 2292 όμοιον
1279 2207 1344 2292 τῷ
1362 2198 1592 2291 ἀνθρωπίνῳ·
1626 2232 1672 2284 ως
1709 2221 1808 2278 κοντοῦ

366 2306 451 2371 ποτε
472 2307 534 2389 μὲν
556 2307 664 2390 λέγειν
687 2298 793 2374 αὐτὸν
815 2297 991 2391 ἡσυχάζειν
1021 2304 1058 2372 έν
1090 2307 1142 2390 τῷ
1169 2309 1241 2391 θεῷ
1266 2309 1352 2374 ποτὲ
1375 2306 1410 2371 δὲ
1431 2308 1590 2389 προϊέναι
1611 2305 1671 2421 τοῦ
1686 2287 1823 2428 wala

365 2405 459 2484 θεοῦ,
481 2408 537 2471 καὶ
559 2399 658 2484 ἐντός
679 2408 733 2472 καὶ
756 2400 854 2484 ἐκτός
876 2409 1049 2490 γίγνεσθαι
1070 2396 1186 2485 αῦτοῦ,
1209 2397 1287 2470 καθ’
1311 2396 1501 2488 ὁμοιότητα
1517 2407 1581 2473 τοῦ
1594 2426 1660 2488 παρ
1701 2418 1811 2481 σελασ-

314 2520 347 2576 20
366 2494 445 2587 ῆμιν
467 2495 585 2587 λόγου,
617 2507 679 2572 τοῦ
701 2530 739 2571 τε
761 2505 963 2572 ἐνδιαθέτου
984 2505 1196 2588 καλουμένου
1216 2507 1272 2570 καὶ
1295 2506 1359 2572 τοῦ
1379 2499 1468 2572 κατὰ
1489 2498 1670 2589 προφορὰν
1686 2557 1702 2616 ὁ
1723 2495 1818 2613 ³199.

366 2596 419 2669 διὰ
442 2606 563 2686 φωνῆς
585 2604 840 2687 έξακουομένου.
883 2605 971 2687 λέγει
993 2595 1027 2668 δ’
1050 2590 1112 2670 οῦν
1133 2596 1249 2682 αὐτοῖς
1270 2597 1413 2690 ῥήμασιν
1686 2576 1778 2683 γμοῆκ
1786 2575 1821 2678 λέ

428 2702 496 2784 (Nr.
519 2706 571 2783 56)
593 2695 709 2771 πάντα
731 2698 793 2788 γὰρ
816 2691 878 2770 ὅσα
901 2696 975 2787 (ἂν)
999 2692 1018 2769 ό
1040 2698 1154 2789 πατὴρ
1177 2705 1266 2790 λέγῃ,
1289 2705 1398 2771 ταῦτα
1419 2705 1598 2788 πανταχοῦ
1619 2697 1670 2769 διὰ
1701 2689 1807 2819 ξίὼίθθ

427 2803 490 2870 τοῦ
517 2795 621 2886 λόγου
643 2804 755 2886 λέγων
777 2804 941 2885 φαίνεται.
985 2804 1090 2869 τοῦτο
1114 2805 1149 2869 δέ
1171 2796 1278 2890 δῆλόν
1299 2804 1392 2871 ἐστιν
1417 2808 1474 2871 καὶ
1495 2794 1556 2886 ἀφ’
1579 2793 1670 2890 ῆμῦν
1715 2776 1808 2832 “W

427 2895 560 2981 αὐτῶν,
594 2891 656 2969 όσα
677 2897 778 2984 μικρὰ
800 2917 872 2981 τοῖς
893 2895 1049 2987 μεγάλοις
1070 2906 1127 2970 καὶ
1148 2907 1256 2983 θείοις
1278 2894 1468 2970 όπεικόσαι·
1505 2906 1562 2969 καὶ
1584 2894 1671 2988 ἡμεῖς

312 3017 345 3071 25
428 2995 490 3086 γὰρ
512 2993 627 3068 πάντα
650 2990 712 3068 ὅσα
734 2993 776 3067 όν
797 3003 954 3085 θέλωμεν
975 2997 1063 3069 κατὰ
1085 2997 1126 3070 τό
1150 2997 1298 3071 δυνατόν
1313 3005 1423 3086 λέγειν
1439 3027 1475 3069 τε
1490 3006 1548 3069 καὶ
1562 3015 1671 3071 ποιεῖν

427 3104 477 3186 τῷ
502 3092 652 3186 ἡμετέρῳ
675 3103 840 3187 ποιοῦμεν
862 3094 963 3186 λόγῳ.

363 3203 419 3267 καί
441 3186 541 3279 αῦθις
565 3193 674 3267 ταῦτα
696 3222 800 3286 φησιν

427 3298 496 3381 (Nr.
519 3302 571 3382 92)
593 3295 661 3385 πρὸ
683 3295 746 3385 γὰρ
769 3301 830 3385 τῆς
852 3300 1065 3386 δημιουργίας
1081 3292 1212 3385 όπόσης
1228 3293 1344 3386 ἡσυχία
1358 3325 1410 3380 τις
1433 3288 1486 3386 ῆν,
1510 3293 1558 3379 σός
1574 3293 1668 3379 εἰκός,

425 3387 528 3478 ὄντος
549 3399 586 3466 έν
610 3402 661 3485 τῷ
684 3400 756 3482 θεῷ
780 3398 875 3483 <τοῦ>
898 3393 1009 3485 λόγου.

309 3512 344 3566 30
361 3490 420 3564 εἶτ’
444 3499 594 3582 ἐπιφέρει

425 3596 493 3678 (Nr.
518 3603 590 3679 108)
614 3591 750 3676 οῦδενός
773 3593 836 3683 γὰρ
859 3587 960 3676 όντος
982 3591 1154 3683 πρότερον
1176 3590 1198 3683 ῆ
1220 3600 1305 3667 θεοῦ
1325 3591 1444 3685 μόνον,
1466 3591 1611 3666 πάντων
1634 3598 1667 3663 δὲ

423 3691 478 3764 διὰ
501 3699 565 3764 τοῦ
588 3689 692 3781 λόγου
714 3700 889 3782 γίγνεσθαι
909 3690 1117 3782 μελλόντων,
1139 3700 1319 3784 προῆλθεν
1341 3689 1359 3765 ό
1381 3691 1485 3782 λόγος
1507 3698 1666 3782 δραστικῆ

422 3795 579 3884 ἐνεργείᾳ.

362 3897 512 3965 τοσαῦτα
535 3897 611 3978 περὶ
634 3897 697 3963 τοῦ
719 3888 823 3980 λόγου
845 3891 961 3977 εἰπών,
984 3891 1049 3982 τῆν
1075 3889 1292 3983 εῦαγγελικῆν
1322 3891 1445 3981 φωνὴν
1476 3889 1694 3964 ἐπόκουοον3

307 4006 341 4060 35
360 3984 457 4074 όπως
477 3998 635 4078 πειρᾶται
658 3988 885 4080 διερμηνεόειν
908 3983 972 4062 τόδε
997 3989 1142 4081 γράφων

446 4162 496 4217 ln
511 4161 567 4230 vgl.
585 4160 682 4214 Nr.42.
702 4164 736 4215 43
753 4190 786 4200 -
804 4161 824 4215 9
842 4159 903 4215 Joh.
923 4164 945 4223 1.
964 4164 1025 4215 1-
1042 4160 1104 4216 Joh.
1123 4164 1146 4227 1,
1164 4163 1181 4217 9
1197 4191 1230 4201 -
1251 4161 1290 4217 10
1307 4160 1368 4215 Joh.
1389 4164 1412 4225 1,
1431 4162 1465 4218 18
1482 4191 1516 4201 -
1536 4161 1595 4218 121
1609 4158 1661 4228 vgl.

358 4261 450 4316 Nr.40
470 4292 499 4301 —
520 4261 657 4331 1611ng
676 4262 722 4316 Nr.
741 4266 781 4317 55.
800 4264 840 4316 56.
859 4263 899 4317 92.
918 4264 951 4316 54

446 4407 530 4467 Ῑέπλ
547 4410 600 4481 μέν
618 4402 660 4466 ὧν
678 4412 718 4465 V*
740 4412 780 4481 μὴ
798 4408 970 4479 ἐπιμένοντα
988 4403 1030 4475 οῖς
1049 4412 1087 4465 V²
1104 4429 1128 4466 ια
1146 4411 1178 4466 B„
1203 4414 1207 4479 Ι
1230 4407 1374 4484 θῦπῆρχε
1386 4411 1454 4481 Mol
1473 4412 1514 4468 ῦῐ
1528 4410 1612 4482 λόγος
1628 4436 1659 4447 -

357 4506 494 4583 ὑπάρχων
520 4512 557 4566 Kl
590 4516 594 4580 Ι
627 4514 645 4569 8
672 4510 744 4568 θεὸν
770 4512 806 4565 Kl
839 4515 843 4581 Ι
877 4514 914 4569 ll
939 4512 984 4569 διὰ
1010 4513 1056 4567 Mo
1089 4515 1094 4579 Ι
1127 4513 1165 4569 22
1190 4507 1253 4581 (ζᾶνγ
1339 4510 1408 4584 λέγῃ
1435 4513 1498 4568 and.
1525 4513 1563 4567 st„
1587 4508 1659 4580 λέγει

359 4614 383 4667 V
418 4614 422 4681 1
454 4612 495 4668 2⁰
513 4614 661 4682 uocovpaeev]
683 4621 713 4677 -ί-
732 4616 781 4669 καὶ
798 4612 919 4683 λέγομεν
937 4615 983 4670 Mo
1016 4617 1020 4681 Ι
1053 4615 1091 4670 λθ
1110 4622 1161 4670 τοῦ
1178 4614 1240 4669 and.
1259 4614 1297 4667 st.
