3698 5510
569 486 603 541 ιίε
620 487 805 543 ecclesiastica
820 484 963 554 theologia
979 485 1005 538 H
1023 486 1132 540 14-16.
1447 492 1505 554 119

258 655 316 719 καὶ
347 653 409 738 τῆς
442 647 634 739 προσούσης
669 657 720 740 τῷ
757 646 849 739 λόγῳ
884 656 1005 735 σοφίας
1040 652 1197 737 ἐννοῆσαι
1233 654 1309 734 περὶ
1346 653 1407 739 τῆς
1443 654 1507 721 τσῦ

258 744 410 870 ούρανοῦ
430 755 640 839 κατασκευῆς
663 747 726 820 τόν
746 746 840 833 θεόν,
863 746 1006 830 εἰκότως
1029 751 1092 837 ἔφη
1110 744 1148 837 τί
1152 754 1228 818 νίκα
1248 743 1428 838 ῆτσίμαςεν
1443 747 1506 819 τόν

211 843 420 1017 ἷθούρανόν,
440 845 664 970 συμπαρῆμην
685 845 811 937 αύτῷι.

225 949 364 1036 θίξῆς
385 948 520 1035 προῖσίν
541 943 627 1035 ὁμοῦ
648 955 703 1018 καί
726 945 986 1020 ἐνδιάθετον
950 976 1013 1018 τσν
1034 952 1097 1018 τσῦ
1121 953 1207 1018 θεοῦ
1230 943 1336 1036 λόγον
1350 955 1504 1037 παρίστη,
1523 956 1540 1009 3

163 1043 343 1135 σγράφων
365 1039 477 1130 σῦτως

258 1151 331 1227 (Nr
354 1153 407 1233 52)
429 1153 481 1227 τίς
502 1146 565 1235 γάρ
588 1140 700 1228 σύτως
722 1142 743 1235 6
765 1153 839 1217 τῶν
862 1142 970 1235 άγίων
986 1143 1182 1236 άγγέλωνγ
1162 1142 1175 1213 ἰ
1176 1141 1344 1233 ἀνδρῶν
1365 1152 1507 1218 δικαίων

258 1241 460 1333 ἀξιόπιστος
480 1237 525 1335 ῆν
545 1245 611 1367 τῆν
632 1251 669 1317 ἐκ
683 1246 874 1334 προσώπου
895 1254 960 1319 τοῦ
981 1253 1067 1318 θεοῦ
1084 1242 1279 1369 ὁρισθεῖσαν
1293 1241 1388 1335 αύτῷ
1404 1273 1507 1334 τιμω·

257 1353 467 1433 ρίανλῦσαι)
489 1345 584 1436 εἰμὴ
607 1343 710 1428 αύτός
732 1340 751 1417 6
775 1341 875 1434 λόγος
897 1340 917 1417 6
939 1345 1127 1434 συμπαρσόν
1141 1374 1179 1416 τε
1194 1353 1251 1416 καί
1266 1341 1505 1432 συμπλάττων,

256 1443 346 1533 πρός
369 1439 410 1516 όν
431 1440 450 1516 6
472 1445 587 1536 πατῆρ
611 1443 826 1535 »ποιήσωμεν
847 1444 1096 1533 άνθρωπσνι
1081 1470 1163 1535 εφη,·

148 1556 177 1610 10
194 1543 337 1628 τούτοις
359 1546 433 1634 ἑξῆς
455 1550 612 1631 διασαφεῖ
632 1540 755 1617 ὁποῖον
777 1542 899 1634 εἰσάγει
921 1542 1027 1633 λόγον
1050 1541 1194 1632 φάσκων
1523 1549 1541 1602 4

257 1648 329 1731 (Nr.
352 1652 404 1732 52)
426 1640 501 1716 ἀλλ’
525 1650 628 1727 εἴτις
649 1652 757 1735 μικρῷ
781 1673 849 1715 τινι
875 1653 932 1716 καί
954 1642 1167 1734 ἀνθρωπίνῳ
1189 1638 1268 1715 καθ’
1293 1640 1378 1734 ἡμᾶς
1398 1671 1505 1734 παρα·

256 1752 413 1833 δείγματι
441 1744 614 1833 χρώμενος
646 1740 694 1827 σός
725 1743 779 1816 διὰ
806 1742 938 1828 εἰκόνος
968 1743 1033 1834 τῆν
1063 1751 1161 1816 θείαν
1191 1740 1340 1830 ἐξετάζοι
1370 1750 1507 1832 πρᾶξιν·

257 1841 378 1932 ὥσπερ
413 1841 457 1914 άν
492 1849 521 1915 εἰ
555 1874 607 1925 τις
642 1840 929 1932 ἀνδριαντοποιός
968 1840 1165 1933 ἐπιστήμων
1200 1839 1285 1932 άνῆρ
1321 1839 1507 1933 ἀνδριάντα

257 1942 389 2015 πλάσαι
404 1941 618 2034 βουλόμενος,
637 1950 783 2031 πρῶτον
815 1950 820 2032 Ι
852 1951 914 2033 μὲν
942 1945 1023 2028 τσὺς
1045 1942 1173 2027 τύπους
1200 1940 1307 2014 αύτοῦ
1328 1950 1384 2013 καί
1404 1971 1507 2031 χαρα·
1526 1944 1585 2000 ¹2⁶

256 2049 388 2133 κτῆρος
402 2047 439 2115 ἐν
454 2045 565 2132 ἑαυτῷ
580 2062 709 2127 σκοπεῖ,
731 2044 848 2114 ἔπειτα
869 2041 1001 2127 πλάτος
1023 2072 1061 2114 τε
1082 2051 1137 2115 καί
1158 2049 1264 2133 μῆκος
1287 2035 1370 2114 όσσν
1390 2038 1507 2131 εύπρε·

256 2150 322 2225 πές
343 2147 462 2227 ἐννοεί,
486 2140 672 2232 άναλογίαν
693 2172 731 2214 τε
754 2149 818 2215 τοῦ
839 2142 971 2226 παντὸς
993 2149 1031 2215 ἐν
1054 2149 1103 2232 τῷ
1126 2140 1206 2216 καθ’
1230 2145 1374 2214 ἕκαστον
1396 2138 1506 2263 ἐξετά-

258 2254 309 2329 ζει
342 2248 446 2332 μέρει
482 2248 610 2330 χαλκοῦ
640 2270 679 2314 τε
694 2240 775 2369 τῆν
804 2239 1006 2331 πρόσφορον
1036 2242 1216 2334 ετσιμάσας
1245 2240 1332 2333 ῦλην
1361 2249 1417 2313 καί
1445 2241 1507 2314 τόν

260 2339 424 2429 ἐσόμενον
455 2339 641 2429 ἀνδριάντα
668 2348 710 2430 τῆ
737 2344 861 2414 ἑαυτοῦ
885 2344 1116 2430 προτυπσόσας
1139 2348 1250 2416 διανοί
1237 2353 1271 2436 ίᾳ
1293 2350 1348 2414 καί
1370 2350 1507 2431 νσητιῦς

259 2436 347 2529 δρᾶν
362 2449 502 2530 νομίσας
516 2443 678 2523 συνειδσός
693 2469 730 2512 τε
745 2444 856 2532 εαυτοῦ
880 2460 1051 2529 συνεργεῖν
1067 2439 1132 2511 τόν
1147 2417 1312 2530 λόγον,τ
1285 2474 1314 2532 6
1336 2449 1507 2530 λογίζεται

147 2594 160 2607 .
259 2549 316 2612 καί
338 2532 368 2631 6
393 2539 507 2612 πάντα
528 2538 695 2629 πράττειν
726 2545 851 2612 εἴωθεν
881 2538 995 2627 (οῦδὲν
1025 2539 1087 2628 γάρ
1117 2540 1162 2631 μῆ
1190 2538 1282 2661 λόγφ
1305 2538 1507 2667 γιγνόμενον

259 2638 432 2726 καλόν),’
412 2639 595 2731 αργόμενσς
618 2646 679 2730 τῆς
700 2646 867 2730 αἰσθητῆς
882 2638 1009 2729 ταύτης
1031 2644 1184 2728 ἐργασίας
1205 2641 1291 2729 πρὸς
1313 2641 1437 2713 ἑαυτὸν
1458 2639 1506 2724 σός

260 2738 347 2826 πρὸς
369 2742 487 2828 ἕτερον
508 2738 772 2828 παρακελεύεται
794 2747 918 2828 λέγων·
941 2737 999 2826 άγε
1020 2737 1225 2830 ποιήσωμεν,
1247 2740 1305 2829 όγε
1321 2738 1507 2831 πλάσωμεν

261 2834 461 2926 ἀνδριάντα·
497 2832 609 2923 οῦτως
639 2835 658 2910 6
690 2845 763 2961 των
794 2832 889 2909 όλων
915 2836 1083 2927 δεσπότης
1104 2838 1187 2924 θεὸς
1209 2840 1272 2912 τόν
1298 2845 1448 2929 ἔμψυχον
1470 2845 1507 2912 ἐκ

261 2946 321 3029 γῆς
343 2934 528 3057 άνδριάντα
549 2946 664 3057 ποιοῖεν
685 2936 747 3009 οῦκ
778 2937 875 3028 όλλῳ
907 2945 974 3010 τινί
1006 2934 1094 3011 άλλά
1125 2949 1177 3032 τῷ
1209 2943 1332 3013 εαυτοῦ
1361 2968 1506 3029 παρακε-

147 3052 178 3106 ‘25
261 3037 396 3110 λεύεται
417 3036 510 3126 λόγῳ
536 3035 749 3126 »ποιήσωμεν
771 3037 981 3125 ἄνθρωπον(
1009 3045 1129 3139 λέγων.

195 3136 253 3208 διὰ
275 3137 414 3209 τούτων
436 3142 587 3226 ἐναργῶς
613 3144 670 3207 καί
696 3134 898 3208 ἐνδιάθετον
925 3135 1071 3228 λόγον
1057 3141 1086 3208 6
1114 3146 1340 3227 διαλογίζεταί
1371 3169 1422 3222 τις
1450 3147 1506 3211 καί

195 3237 451 3326 προφορικόν
437 3228 465 3307 6
488 3243 676 3324 διαλέγεται
698 3241 877 3347 προσῆψεν
900 3245 951 3327 τῷ
975 3245 1058 3327 θεοῦ
1081 3237 1243 3310 τοιοῦτόν
1259 3266 1336 3311 τινα
1352 3238 1479 3310 σίον
1443 3268 1507 3309 τον

194 3331 276 3405 καθ’
300 3332 461 3424 ἡμᾶςκαὶ
483 3334 548 3408 τόν
570 3340 682 3426 ἐντῷ
705 3309 1013 3426 θεῷείναιλόγον
1034 3335 1254 3459 ύπσθέμενσς

281 3441 325 3508 16
356 3441 464 3506 ταῦτα
494 3442 556 3523 μὲν
581 3427 643 3506 σῦν
673 3432 789 3507 πάντα
815 3432 864 3517 οἰς
891 3432 1056 3524 άρνητικίι
1083 3435 1238 3527 τυγχάνει
1261 3466 1324 3508 του
1309 3441 1422 3509 υίσῦ
1444 3444 1507 3509 τοῦ
1552 3445 1668 3537 ἔλεγχος

149 3548 180 3602 30
195 3541 298 3618 θεοῦ
326 3531 425 3606 οῦδὲν
453 3533 822 3623 προσεπεξεργάζεσθαι
849 3540 907 3605 δεῖ
951 3542 1117 3607 τοσοῦτον
1145 3543 1181 3608 δέ
1207 3539 1299 3627 οἶμαι
1320 3535 1507 3627 πρσσῆκειν
1524 3525 1591 3659 666
1607 3517 1693 3643 66⁹0,

195 3637 421 3722 ἐπερωτῆσαι,
445 3639 473 3705 εἰ
495 3633 536 3723 δὴ
559 3634 605 3717 είς
627 3634 742 3715 θεόςι
737 3626 851 3723 γνκαί
874 3630 973 3706 σύδέν
995 3636 1120 3721 ἕτερον,
1142 3634 1183 3708 06
1204 3637 1319 3727 πατὴρ
1342 3633 1403 3724 σύχ
1423 3634 1506 3720 υίός,
1559 3657 1662 3723 σσξίας.

196 3737 231 3801 τί
253 3731 481 3818 κατεψεύδετο
503 3741 578 3805 τῶν
599 3733 773 3806 τοιούτων
795 3729 979 3821 ύνσμάτων
1001 3730 1021 3823 6
1043 3734 1173 3826 γραφῆ;
1203 3745 1238 3807 τί
1264 3743 1300 3809 δέ
1326 3743 1382 3808 καί
1404 3732 1507 3818 αύτός

197 3828 399 3921 Μάρκελλος
423 3829 659 3921 ὑποκρίνεται,
690 3832 754 3904 τόν
783 3832 828 3923 μῆ
859 3831 935 3903 υἱόν
962 3828 1049 3904 άλλά
1071 3833 1177 3923 λόγον
1198 3835 1274 3907 υίόν
1304 3831 1507 3920 άποκαλῶν;

194 3937 252 4002 καί
273 3931 388 4021 ἐπειδὴ
409 3939 569 4021 κέχρηται
595 3939 839 4021 παραδείγματι
866 3939 916 4021 τῷ
945 3937 982 4003 ἐν
1004 3929 1206 4021 ἀνθρώποις
1227 3932 1333 4024 λόγῳ,
1367 3942 1507 4006 λεκτέον

146 4046 178 4100 35
196 4029 246 4114 τός
268 4026 309 4102 σύ
330 4037 397 4114 πῦς
419 4030 607 4120 ἄνθρωπος
629 4032 704 4104 υίὸν
727 4036 804 4120 ἔχει,
837 4032 972 4120 λογικός
999 4026 1051 4105 όόν
1076 4042 1132 4105 καί
1155 4034 1218 4105 τόν
1245 4041 1378 4123 συμφυᾶ
1400 4034 1508 4124 λόγον

259 4232 263 4238 ’
283 4251 301 4306 ε
320 4252 400 4305 prov.
418 4253 442 4319 8,
460 4254 493 4306 υτ
512 4254 581 4309 -υ
601 4254 669 4310 σεε.
688 4258 712 4320 1,
730 4256 763 4309 εσ
781 4285 814 4294 -
837 4255 875 4310 τε
899 4254 966 4309 σεε.
986 4258 1009 4321 1,
1026 4256 1060 4311 26
1082 4285 1115 4294 -
1142 4254 1179 4311 ιι
1199 4256 1256 4327 vgl.
1274 4254 1321 4309 Νι.
1338 4260 1380 4312 τι.
1397 4258 1438 4311 σι.
1457 4257 1508 4312 ισε

195 4372 222 4407 υ.
241 4359 265 4407 δ.
283 4382 317 4392 -
336 4352 376 4408 84
395 4352 449 4423 vgl.
467 4353 507 4407 Nr
524 4358 565 4409 55.
583 4358 617 4409 56

280 4551 359 4623 66]
378 4559 518 4617 ÷t6vr
550 4560 553 4622 ί
587 4556 623 4611 11
653 4553 836 4629 ἀνθρωπίνῳ]
855 4557 912 4626 vgl.
930 4574 964 4610 zu
981 4558 1006 4610 S.
1024 4560 1066 4621 41,
1084 4558 1115 4612 31
1150 4560 1154 4623 Ι
1188 4558 1226 4613 Ῑθ
1253 4555 1330 4618 εἰ<
1348 4558 1411 4614 and.
1430 4559 1467 4613 st.
1501 4562 1504 4591 ¹

195 4657 235 4712 24
255 4655 477 4727 παρακελεύεται
496 4656 558 4709 and.
577 4657 615 4710 st.
634 4655 843 4725 παρακελεύετσ
862 4657 903 4711 V*
923 4659 1033 4729 (παρεκ.
1052 4658 1100 4728 V2)
