3698 5510
318 471 376 534 126
898 467 1033 523 Eusebius

377 628 446 713 (Nr.
468 635 520 712 67)
551 632 580 697 εἰ
611 630 646 697 δέ
676 635 730 698 καὶ
757 627 871 713 βούλει
897 636 954 700 καὶ
980 632 1097 720 ἑτέρας
1119 627 1259 704 οἰκοῦσαι
1281 637 1344 702 τοῦ
1366 626 1473 703 αύτοῦ
1493 659 1627 721 προφη-

376 733 468 809 τείας
490 728 548 797 ἕνα
570 722 649 816 ἡμῖν
677 726 763 798 θεὸν
785 729 995 820 βεβαιούσης,
1021 731 1105 819 »ἐγώ
1128 730 1226 815 θεὸς(
1252 738 1356 820 φησίν
1381 739 1548 820 »πρῶτος
1570 742 1628 803 καί

375 828 422 907 είς
452 825 494 896 τά
521 825 727 916 ἐπερχόμενα
749 828 816 916 ἐγώ
843 834 943 918 είμιι·
980 830 1021 903 τό
1051 830 1114 917 γάρ
1145 833 1212 921 ἐγὼ
1240 828 1316 914 ἑνὸς
1341 832 1531 919 προσώπου
1564 838 1628 904 δει-

374 931 495 998 κτικόν
517 930 624 1010 ἐστιν,
657 931 690 997 αἱ
717 927 780 1017 γὰρ
802 926 862 999 δύο
885 925 996 1019 ῥήσεις
1023 932 1059 1000 ἐν
1088 926 1168 1020 ήμίν
1188 927 1379 1018 πρόσωπον
1401 939 1628 1020 σημαίνουσιν.

379 1027 482 1113 »ἐγώι
508 1026 571 1116 γὰρ
593 1027 701 1097 είπεὸν
722 1024 837 1114 ἐπάγει
858 1035 913 1099 καὶ
936 1028 976 1099 τὸ
1002 1035 1114 1118 »είμί«,
1138 1025 1228 1101 οόστε
1243 1030 1299 1101 διὰ
1315 1036 1389 1101 τιῦν
1410 1029 1471 1101 δύο
1493 1036 1550 1104 71*
1563 1036 1629 1103 τοῦ

376 1124 481 1217 λόγου
509 1133 635 1217 μερῶν,
673 1122 890 1215 άντωνυμίας
920 1158 957 1200 τε
987 1136 1043 1199 καί
1073 1126 1237 1218 ῥήματος,
1270 1130 1336 1219 τήν
1366 1135 1427 1218 τής
1457 1127 1629 1220 θεότητος

374 1237 616 1317 μαρτυρεῖσθαι
637 1222 776 1315 μονάδα.
818 1233 848 1299 εί
869 1233 905 1298 δέ
935 1231 1047 1300 δέοιτο
1077 1237 1133 1299 καὶ
1155 1231 1270 1319 ἑτέρας
1296 1237 1493 1319 μαρτυρίας,
1524 1223 1626 1313 αὖθις
1646 1242 1680 1295 16

375 1324 438 1398 τὸν
461 1324 567 1398 αύτόν
589 1323 684 1415 αύτῷ
707 1332 893 1415 παρέξομαι
919 1325 1103 1417 προφήτην
1125 1335 1270 1418 λέγοντα
1300 1330 1385 1416 »ἐγώ
1407 1336 1547 1418 πρῶτος
1569 1339 1626 1401 καί

375 1425 442 1511 ἐγὼ
465 1425 550 1514 μετὰ
574 1431 691 1510 ταῦτα,
714 1432 770 1496 καί
791 1424 885 1514 πλὴν
906 1430 987 1516 ἐμοῦ
1009 1423 1071 1498 ούκ
1093 1430 1186 1499 ἐστιν
1205 1426 1317 1509 θεόςι.
1354 1431 1383 1498 εί
1404 1426 1626 1502 ὑποστάσει

374 1530 616 1615 διῃρημένον
657 1525 730 1596 τόν
764 1524 854 1594 υἱὸν
890 1532 960 1596 τοῦ
1000 1527 1155 1615 πατρὸς
1192 1524 1245 1610 οός
1279 1527 1368 1599 υίόν
1404 1524 1629 1618 άνθροόπου

373 1618 539 1710 Ἀστέριος
561 1626 648 1695 εἶναι
670 1628 791 1707 οἴεται,
823 1622 892 1696 άπὸ
923 1631 985 1714 τῆς
1014 1622 1238 1716 ἀνθρωπίνης
1260 1627 1384 1717 σαρκός
1405 1624 1449 1716 ἣν
1475 1624 1517 1698 δι’
1540 1626 1626 1719 ἡμᾶς

374 1719 539 1808 ἀνέλαβεν
568 1721 887 1812 σκανδαλιζόμενος,
924 1724 1090 1797 δεικνύτω
1122 1723 1202 1816 ἡμίν
1233 1726 1297 1797 τόν
1326 1734 1436 1798 ταῦτα
1468 1733 1625 1815 λέγοντα·

375 1822 451 1905 ἐνὸς
481 1819 544 1912 γάρ
570 1828 663 1894 ἐστιν
692 1820 872 1895 κάνταῦθα
901 1826 1091 1914 προσώπου
1116 1823 1137 1914 ἦ
1161 1833 1323 1915 λεγομένη
1344 1829 1446 1916 ῥῆσις.
1489 1835 1541 1909 τίς
1563 1820 1626 1899 οῦν
1645 1842 1679 1893 l?

376 1925 468 1993 ἐστιν
499 1917 518 1993 ὁ
550 1929 661 2012 λέγων
694 1918 775 1995 »ούκ
805 1925 898 1995 ἔστιν
927 1922 1018 2012 πλὴν
1048 1929 1130 2013 ἐμοῦ
1160 1923 1277 2009 θεόςι;
1313 1922 1467 1997 όκουίτω
1504 1933 1540 1998 δέ
1569 1936 1625 1999 καί

376 2022 492 2108 ἑτέρας
513 2029 726 2111 προφητείας
748 2022 909 2112 λεγούσης
943 2021 1023 2095 »οῦκ
1054 2028 1147 2095 ἐστιν
1176 2024 1269 2114 πλὴν
1299 2029 1380 2113 ἐμοῦ
1412 2031 1539 2108 δίκαιος
1568 2036 1626 2098 καί

376 2117 520 2208 σωτήρι.
563 2124 591 2191 εί
623 2121 683 2193 δύο
715 2122 818 2205 θεούς
849 2125 934 2194 εἶναι
964 2132 1109 2211 νομίζοι,
1140 2120 1269 2213 ἀνάγκη
1291 2121 1399 2195 αύτόν
1420 2123 1485 2195 τόν
1507 2127 1626 2214 ἕτερον

374 2218 419 2307 μὴ
442 2227 575 2291 δίκαιον
596 2215 776 2311 ὁμολογεῖν
797 2224 883 2293 εἶναι
904 2228 985 2311 μηδὲ
1006 2230 1153 2312 σωτῆρα.
1196 2229 1225 2295 εί
1255 2230 1290 2295 δὲ
1320 2220 1362 2294 ού
1392 2229 1521 2306 δίκαιος
1548 2221 1627 2296 ούδὲ

377 2316 504 2406 σωτήρ,
525 2326 602 2403 πῶς
624 2324 674 2391 ἐτι
696 2320 779 2405 θεός
800 2323 886 2393 εἶναι
901 2319 1059 2407 δύναται;
1081 2325 1141 2394 ἕνα
1163 2323 1225 2412 γὰρ
1241 2319 1470 2409 ἀποφαίνεται
1493 2330 1626 2397 δίκαιον

375 2424 432 2487 καί
455 2424 594 2508 σωτῆρα
610 2422 702 2492 εἶναι.
737 2429 794 2493 καὶ
809 2414 909 2504 αὖθις
927 2425 1138 2511 »ἔμπροσθέν
1159 2451 1243 2511 μου(
1268 2429 1371 2512 φησὶν
1390 2420 1471 2495 »οῦκ
1491 2430 1625 2511 ἐγένετο

375 2515 494 2602 ἄλλος,
525 2526 580 2590 καὶ
610 2516 681 2610 μετ’
712 2525 768 2609 ἐμὲ
790 2517 852 2593 ούκ
874 2523 981 2606 ἔσται,
1012 2523 1079 2611 ἐγώ
1108 2519 1203 2607 θεός,
1234 2531 1290 2593 καί
1321 2518 1383 2593 ούκ
1404 2525 1497 2594 ἔσται
1517 2531 1626 2612 παρὲξ

375 2619 457 2703 ἐμοῦ
486 2615 637 2706 σῴζωνι.
688 2622 717 2690 εί
747 2626 782 2691 δέ
811 2617 971 2704 βούλεται
1001 2629 1057 2692 καί
1087 2623 1205 2708 ἐτέρου
1236 2629 1453 2710 προφητικοῦ
1483 2618 1625 2694 άκοῦσαι
1645 2644 1680 2698 18

375 2716 490 2804 ῥητοῦ,
514 2714 599 2806 τάχα
620 2747 690 2791 που
711 2719 797 2806 πρὸς
812 2715 919 2789 αύτόν
933 2727 988 2789 καί
1004 2720 1084 2802 τούς
1106 2716 1233 2810 ὁμοίως
1247 2728 1323 2809 περὶ
1343 2720 1513 2810 θεότητος
1529 2719 1625 2813 αύτῷ

376 2819 601 2904 διακειμένους
628 2822 856 2905 λεχθέν<τος>,
888 2812 1042 2889 άκουέτω
1073 2816 1181 2891 αῦτοῦ
1201 2816 1335 2892 Ἡσαΐου
1362 2826 1523 2911 λέγοντος
1553 2850 1626 2908 »με-

339 2958 348 2971 --
376 2914 581 3003 τανοήσατε,
604 2921 638 2988 οί
658 2916 888 3005 πλανώμενοι,
911 2921 1135 3005 ἐπιστρέψατε
1157 2926 1200 3007 τῇ
1222 2924 1351 3011 καρδίη,
1373 2927 1428 2990 καὶ
1450 2919 1624 3011 μνήσθητε

376 3013 419 3085 τὰ
440 3011 591 3103 πρότερα
612 3013 681 3087 άπὸ
704 3022 768 3089 τοῦ
790 3021 924 3101 αἰῶνος,
948 3010 1003 3089 ότι
1024 3019 1091 3105 ἐγω
1113 3013 1132 3088 ό
1155 3020 1237 3099 θεὸς
1258 3025 1313 3088 καὶ
1335 3016 1398 3091 ούκ
1419 3022 1511 3091 ἔστιν
1531 3023 1624 3111 πλὴν

375 3116 484 3201 ἐμοῦι.
528 3111 591 3186 ούκ
612 3118 719 3187 εἶπεν·
751 3117 818 3205 ἐγώ
842 3114 937 3200 θεός,
969 3121 1023 3187 ἵνα
1045 3122 1100 3188 καί
1122 3116 1177 3188 διὰ
1199 3125 1261 3207 τῆς
1282 3125 1346 3192 τοῦ
1368 3119 1500 3206 ἄρθρου
1520 3146 1623 3208 προσ·
1643 3140 1676 3193 19

375 3211 484 3303 θήκης
518 3216 576 3286 ίνα
602 3214 686 3287 θεὸν
717 3207 804 3287 όντα
830 3223 950 3303 σοφῶς
971 3220 1126 3303 ἐπιδείξη.
1169 3225 1203 3287 τί
1233 3223 1269 3289 δέ
1299 3226 1356 3288 καί
1376 3214 1470 3307 Ὠσηὲ
1500 3215 1623 3308 όπρσ-

375 3311 501 3404 φήτης;
532 3310 573 3388 ού
603 3321 659 3386 καί
689 3311 792 3398 αύτὸς
822 3314 865 3387 τό
897 3312 984 3387 αύτόι
1013 3335 1185 3405 μαρτυρεῖ,
1221 3318 1306 3405 »ἐγώ
1333 3312 1504 3407 άνήγαγόν
1530 3344 1564 3392 σε
1588 3325 1625 3407 ἐξ

374 3412 584 3500 Αἰγύπτου(
619 3421 731 3503 λέγων
764 3422 838 3486 »καί
864 3414 950 3501 θεὸν
975 3416 1067 3505 πλὴν
1090 3420 1170 3505 ἐμοῦ
1193 3412 1234 3487 ού
1255 3416 1383 3504 γνοόση,
1414 3425 1470 3488 καὶ
1500 3418 1624 3508 σῴζων

372 3509 435 3583 ούκ
468 3516 561 3586 ἐστιν
591 3520 697 3603 παρὲξ
727 3520 844 3603 ἐμούς
879 3507 979 3597 αύθίς
1014 3544 1052 3587 τε
1084 3511 1102 3585 ὁ
1134 3523 1310 3604 Μαλαχίας
1343 3512 1434 3604 »ούχὶ
1464 3518 1546 3601 θεὸς
1576 3519 1624 3602 εἷς

373 3614 503 3683 ἔκτισεν
524 3610 640 3702 ύμᾶς;ι
672 3622 775 3702 φησίν
800 3609 892 3701 »ούχὶ
912 3615 1027 3704 πατὴρ
1054 3615 1100 3697 είς
1126 3612 1272 3685 πάντων
1294 3611 1426 3703 ῦμων«;
1447 3613 1536 3689 ἄλλά
1558 3617 1623 3689 τόν
1641 3634 1677 3687 20

374 3717 477 3781 Λαυίδ
498 3711 597 3801 φήσει
618 3741 686 3785 που
704 3709 872 3801 Ἀστέριος
897 3720 1000 3802 μηδὲν
1028 3719 1196 3802 εἰρηκέναι
1225 3721 1302 3801 περὶ
1332 3713 1477 3799 τούτου,
1508 3725 1622 3789 καίτοι

373 3808 608 3896 πρεσβύτατον
629 3811 721 3899 παρά
742 3818 870 3883 Μωσέα
892 3818 966 3882 τῶν
989 3812 1105 3883 ἄλλων
1131 3821 1325 3903 προφητῶν
1352 3808 1450 3899 όντα,
1481 3823 1538 3886 καί
1568 3816 1623 3887 διὰ

374 3915 479 3980 τοῦτο
501 3906 712 3999 ἀμφιγνοεῖν,
735 3914 801 3981 εἴτε
817 3910 877 3983 δύο
892 3911 996 3993 θεούς
1015 3918 1020 3999 Ι
1038 3909 1222 3983 ύποστάσει
1237 3919 1458 4003 διηρημὲνους
1473 3923 1624 4004 νομίζειν
1644 3935 1704 3990 1⁸4

277 4019 290 4069 ἴ
373 4011 458 4080 εἶναι
478 4007 643 4098 προσήκει
665 4013 731 4080 εἴτε
746 4016 801 4080 καί
815 4007 868 4100 μή.
905 4007 1030 4082 ούκοῦν
1053 4014 1108 4082 ἵνα
1121 4010 1166 4101 μὴ
1183 4018 1287 4083 τοῦτο
1311 4020 1399 4101 λέγη,
1421 4010 1623 4086 ἀκόλουθον

395 4179 483 4234 210⁸.
500 4183 542 4243 41,
560 4182 578 4234 4
596 4209 629 4217 -
645 4181 663 4235 ε
680 4179 734 4233 ιιι.
752 4182 794 4246 41,
812 4184 829 4235 4
848 4209 880 4219 -
898 4179 917 4236 ε
934 4180 986 4237 ιιι.
1004 4183 1047 4246 ιε,
1065 4182 1082 4236 6
1098 4211 1133 4221 —
1153 4182 1191 4238 ιι
1209 4182 1263 4238 ιιι.
1280 4184 1348 4245 44,ss
1365 4213 1399 4222 -
1420 4146 1578 4247 mem.
1590 4185 1621 4238 21

309 4308 343 4317 -
363 4279 397 4334 ιο
415 4279 468 4333 ses.
486 4283 528 4349 ιε,
548 4282 588 4336 ιο.
608 4284 638 4335 11
658 4310 690 4320 -
713 4280 753 4335 κε
770 4280 823 4334 ιιι,
841 4281 884 4347 ιε,
901 4282 925 4336 ε.
944 4283 960 4337 ο
977 4311 1012 4321 -
1030 4283 1069 4339 νε
1088 4283 1152 4339 σοι.
1171 4286 1212 4345 13,
1229 4287 1246 4338 ι
1263 4314 1297 4323 -
1315 4285 1354 4339 εο
1372 4285 1438 4339 τεο.
1456 4287 1480 4348 2,
1501 4286 1533 4340 10

311 4462 314 4466 ·
396 4431 432 4486 17
452 4430 562 4486 δίκαιον
580 4431 626 4485 Mo
644 4430 782 4487 ‹soaeszvv
815 4433 819 4498 Ι
853 4431 888 4486 18
906 4425 946 4486 ἔτι
964 4431 1002 4484 V²
1019 4427 1062 4488 ότι
1081 4432 1122 4485 V*
1146 4435 1150 4501 ί
1182 4433 1222 4488 20
1240 4428 1310 4489 ἄλλο
1329 4435 1366 4487 V²
1387 4435 1393 4502 Ι
1412 4434 1452 4490 28
1469 4433 1624 4505 λεχθέντος

309 4548 329 4600 g
359 4531 364 4599 Ι
397 4530 436 4587 25
462 4525 549 4600 ἐστιν]
568 4537 600 4595 -ί-
619 4525 660 4587 ἔτι
682 4531 755 4585 Lxx
786 4533 790 4599 1
824 4532 863 4588 26
886 4532 964 4601 θεός]
984 4541 1016 4595 -ί-
1034 4526 1096 4589 ἀί.λ’
1115 4531 1187 4604 »ἐγὼ
1207 4534 1222 4589 ὁ
1240 4537 1322 4601 θεδςι
1343 4536 1395 4592 We
1426 4537 1432 4603 Ι
1464 4535 1504 4593 28
1531 4531 1571 4605 ἐξ]
1591 4531 1624 4590 ἐκ

309 4632 450 4701 λῆςῙιΧΧ
482 4633 486 4700 Ι
520 4632 560 4687 θθ
579 4629 695 4700 ἐμοῦιο
714 4630 830 4700 δμοῦθ
