3728 5508
368 1409 495 1494 <Tm
520 1413 1004 1496 Emnzlfflnfflz
1032 1413 1344 1496 οεολονιιε
1528 1420 1567 1476 ο

821 1602 887 1695 ι’.)

524 1766 620 1841 Τόδε
642 1768 687 1840 τὸ
709 1772 738 1838 α’
760 1776 935 1858 περιέχει
956 1768 1192 1860 σύγγραμμα.

299 1933 331 1997 α’
350 1935 395 1994 ότι
411 1936 504 2008 μάτην
523 1938 681 2011 Σαβίλλιον
704 1938 848 2012 διέβαλλεν
865 1938 1036 2013 Μάρκελλος
1056 1938 1092 1997 τά
1111 1935 1158 1996 ίσα
1177 1937 1252 2008 αὐτῷ
1274 1937 1409 2008 δοξάζων.

298 2018 330 2098 β’
349 2019 392 2080 ότι
409 2030 444 2093 τῇ
458 2020 591 2100 ἐκκλησίᾳ
603 2029 657 2079 τοῦ
667 2026 740 2081 θεοῦ
750 2025 766 2093 η
778 2026 906 2097 Χριστοῦ
923 2022 1006 2099 χάρις
1023 2027 1073 2094 τὴν
1091 2027 1156 2097 περί
1168 2023 1277 2097 πατρός
1287 2025 1336 2081 καί
1348 2021 1411 2080 οίοῦ

348 2113 454 2179 γνῶσιν
472 2105 618 2180 ἐξαίρετον
636 2104 806 2181 ἐδωρήσατο.

302 2184 331 2262 γ’
350 2188 394 2247 ότι
412 2194 548 2258 ποικίλως
565 2190 728 2263 ἐσφάλησαν
746 2191 774 2249 οί
792 2189 953 2267 ἑτερόδοξοι
970 2191 1059 2268 ἐντῷ
1077 2195 1143 2265 περὶ
1160 2191 1223 2248 εὶοῦ
1239 2188 1326 2269 λόγῳ.

302 2273 328 2333 δ’
346 2272 391 2333 ότι
408 2275 501 2346 μάτην
514 2276 702 2350 Χριστιανοὺς
719 2274 837 2345 ἑαυτοὺς
857 2278 987 2350 λέγουσιν
1006 2276 1034 2333 οί
1050 2281 1089 2348 μη
1107 2274 1263 2347 ὑφεστάναι
1281 2278 1332 2336 τόν
1348 2275 1411 2335 οίόν

349 2366 404 2417 τοῦ
419 2365 493 2418 θεοῦ
510 2357 727 2432 ὁμολογοῦντες.

308 2440 332 2503 ε’
351 2441 430 2512 όπως
441 2443 611 2519 Μάρκελλος
628 2442 679 2503 τόν
697 2441 759 2503 υίόν
777 2455 829 2505 τοῦ
845 2452 917 2505 θεοῦ
935 2447 1046 2518 ἠρνεῖτο
1064 2448 1116 2515 τὴν
1128 2448 1290 2520 Σαβελλίον
1301 2444 1411 2520 αἵρεσιν

350 2529 534 2599 μιμούμενος.

305 2609 328 2681 ς’
348 2608 427 2679 ὅπως
444 2616 460 2685 ἡ
479 2610 613 2686 ἐκκλησία
629 2622 683 2673 τοῦ
700 2620 774 2673 θεοῦ
790 2613 922 2674 πιστεύει.

304 2693 427 2768 ζὸπως
445 2697 472 2755 σί
490 2696 652 2773 ἑτερόδοξοι
673 2692 818 2773 διαφόρως
838 2707 888 2769 τῆς
904 2701 970 2773 περί
992 2703 1044 2757 τοῦ
1069 2696 1132 2756 οίοῦ
1150 2701 1304 2770 θεολογίας
1329 2696 1408 2756 ἐκπε-

350 2780 504 2840 πτόοκασιν.

304 2860 330 2938 η’
349 2866 511 2940 παράθεσις
527 2876 578 2939 τῆς
595 2866 692 2939 όγιοῦς
707 2870 756 2925 καί
773 2864 1003 2940 ἐκκλησιαστικῆς
1020 2868 1198 2941 όρθοδοξίας.

298 2946 328 3009 θ’
347 2948 391 3008 ότι
407 2954 446 3021 μὴ
464 2961 525 3019 τοῖς
541 2956 658 3019 πολλοῖς
673 2955 824 3023 κτίσμασιν
842 2946 950 3023 ὁμοίως
966 2957 1015 3011 καί
1033 2952 1049 3010 ό
1067 2950 1129 3021 νίός
1146 2950 1258 3025 ὑπέστη.

309 3032 327 3093 ι’
346 3032 391 3094 ότι
407 3032 499 3107 μόνος
516 3034 548 3094 ἐκ
570 3043 622 3094 τοῦ
643 3034 753 3112 πατρός
774 3040 922 3110 γεννηθείς
948 3034 1068 3105 εἰκότως
1093 3040 1143 3095 καί
1161 3043 1232 3105 θεος
1247 3039 1297 3094 καί
1321 3057 1409 3108 μονο-

349 3124 433 3193 γενης
455 3116 517 3188 υίὸς
532 3116 625 3191 μόνος
643 3120 730 3188 αὐτὸς
746 3120 900 3195 ἀνείρηται.
933 3124 937 3192 l

296 3201 335 3263 ια’
353 3201 431 3272 ὅπως
448 3200 499 3262 ἕνα
518 3201 590 3262 θεόν
606 3204 770 3277 ηέκκλησία
782 3208 921 3279 γνωρίζει,
938 3208 1032 3263 καίτοι
1049 3199 1101 3262 τόν
1119 3202 1181 3262 είδν
1199 3205 1271 3264 θεὸν
1289 3204 1322 3262 ἐκ
1337 3211 1410 3263 θεοῦ
1529 3205 1569 3262 50

348 3284 422 3347 εἶναι
439 3289 665 3363 παραδεχομένη.

296 3370 333 3449 aff
351 3370 392 3440 ίος
409 3369 534 3447 άρρητος
551 3374 639 3431 αὐτοῦ
657 3376 673 3445 ἡ
692 3374 725 3432 ἐκ
741 3379 793 3432 τοῦ
809 3376 920 3447 πατρὸς
937 3374 1073 3446 γέννησις.

297 3456 333 3530 ιγ’
352 3454 397 3516 ότι
414 3458 558 3532 ἀναγκαία
576 3461 625 3517 καί
643 3462 782 3530 σωτήριος
798 3468 860 3525 τοῖς
876 3467 963 3517 πᾶσιν
980 3461 997 3529 η
1013 3465 1065 3516 τοῦ
1082 3458 1145 3516 υίοῦ
1162 3456 1316 3517 ἐπιστασία.

301 3539 334 3601 ιδ
353 3540 397 3601 ότι
414 3541 539 3615 εὐλόγως
556 3546 572 3613 η
592 3541 724 3613 ἐκκλησία
742 3540 778 3600 τά
791 3542 864 3601 αὐτά
882 3546 1067 3618 φρονήσαντα
1080 3546 1226 3620 Σαβελλίῳ
1237 3543 1410 3618 Μάρκελλον

349 3627 566 3699 ἀπεδοκίμασεν.

299 3710 332 3772 ιε’
351 3712 463 3782 όποίοις
474 3714 597 3785 ῥήμασιν
606 3711 775 3785 Μάρκελλος
787 3708 838 3769 τόν
851 3711 1009 3795 Σοβίλλιον
1021 3707 1149 3783 ἔκοπτεν,
1159 3710 1409 3786 προσποιούμενος

347 3801 386 3869 μὴ
405 3797 440 3855 τόι
459 3795 506 3856 ἴσα
525 3796 601 3868 αὐτῷ
619 3806 744 3870 φρονεῖν.

299 3881 332 3951 ις’
350 3878 429 3949 όπως
457 3878 601 3940 ἁλίσκεται
629 3881 675 3939 διά
704 3889 762 3939 τῶν
790 3881 878 3939 αὐτοῦ
906 3889 1011 3952 φωνῶν
1035 3880 1071 3937 τὰ
1101 3880 1172 3938 αότά
1198 3888 1238 3952 τῷ
1261 3882 1408 3955 Σαβελλίῳ

350 3966 484 4036 δοξάζων.

299 4048 332 4121 ιζ’
351 4048 429 4118 ὅπως
446 4053 559 4126 ἠρνεῖτο
578 4058 670 4123 γυμνῇ
687 4058 723 4122 τῇ
739 4055 850 4121 κεφαλῇ
866 4053 918 4120 την
936 4046 1093 4107 ίπόστασιν
1109 4058 1162 4108 τοῦ
1179 4048 1250 4106 νίοῦ.

297 4128 333 4205 ιη’
351 4131 429 4203 ὅπως
451 4131 510 4209 πρό
532 4142 581 4206 τῆς
607 4133 852 4208 ἐνανθρωπησεως
879 4134 960 4192 οὐδὲν
985 4131 1085 4210 ἕτερον
1112 4130 1238 4206 ἔφασκεν
1265 4127 1338 4191 είναι
1355 4125 1409 4189 τόν

347 4215 419 4289 αίόν,
437 4216 455 4292 ἢ
472 4219 562 4293 λόγον
579 4215 650 4277 αῦτό
667 4216 760 4289 μόνον
779 4215 882 4288 όμοιον
899 4226 939 4293 τῷ
957 4215 1026 4291 παρ’
1044 4216 1218 4292 ἀνθρώποις.

288 4389 327 4445 lt
342 4389 399 4459 vgl.
419 4389 444 4443 S.
464 4389 575 4457 101,1f

287 4556 327 4612 11
349 4555 385 4611 Κ]
411 4557 483 4611 nach
510 4556 537 4613 d.
560 4544 705 4611 Uberschr.
733 4572 788 4611 von
814 4554 849 4611 do
875 4554 940 4609 εοοί.
958 4555 998 4609 th.
1017 4555 1042 4608 11
1068 4555 1073 4621 Ι
1098 4554 1136 4610 24
1163 4550 1374 4621 ἀπεδοκίμασεν
1400 4570 1428 4608 ιιι
1454 4553 1509 4623 ng

199 4658 226 4714 8.
245 4659 285 4726 74,
304 4660 380 4714 1211.
402 4658 464 4714 15ss
495 4659 500 4726 Ι
529 4659 564 4713 θλ
586 4655 662 4727 αὐτῷ
683 4657 716 4724 V,
735 4671 802 4711 οοττ.
821 4652 874 4709 We
900 4661 905 4724 Ι
930 4662 970 4727 τῷ
989 4674 1016 4710 m
1034 4655 1111 4711 τόν
