3728 5508
659 499 755 552 contra
774 495 936 552 Marcellum
953 498 1020 552 112.
1454 506 1492 567 41

243 664 338 748 λέγη,
367 666 476 730 ταῦτα
501 668 680 748 πανταχοῦ
701 658 756 732 διὰ
777 666 841 731 τοῦ
862 656 968 748 λόγου
989 666 1100 749 λέγων
1121 668 1287 748 φαίνεται
1330 666 1436 733 τοῦτο
1459 668 1495 732 δὲ

242 754 354 846 δῆλόν
375 761 468 831 ἐστιν
489 765 546 829 καὶ
567 752 627 845 ἀφ’
650 754 747 849 ἡμῶν
770 757 901 844 αὐτῶν,
933 756 996 832 ὅσα
1026 758 1126 850 μικρὰ
1157 777 1230 843 τοῖς
1255 756 1413 849 μεγάλοις
1438 767 1494 832 καὶ

241 865 356 940 θείοις
377 853 568 930 ἀπεικάσαι·
598 865 655 930 καὶ
676 856 769 949 ἡμεῖς
791 858 853 948 γὰρ
874 857 989 932 πάντα
1011 854 1074 932 ὅσα
1097 856 1139 931 ἂν
1162 865 1320 948 θέλωμεν
1341 857 1429 930 κατὰ
1451 858 1492 930 τὸ

239 954 394 1028 δυνατόν
415 962 525 1045 λέγειν
546 985 584 1029 τε
605 965 661 1028 καὶ
682 978 796 1030 ποιεῖν
818 967 870 1049 τῷ
892 956 1043 1051 ἡμετέρῳ
1065 964 1230 1048 ποιοῦμεν
1251 955 1354 1052 λόγῳ.

146 1054 251 1126 mlta
273 1054 403 1144 μεταξύ
423 1084 502 1128 τινα
524 1058 633 1129 είπών
654 1062 801 1147 ἐπιλέγει
1508 1070 1543 1125 34

238 1158 313 1239 (Nr.
328 1162 382 1242 68)
411 1161 468 1230 43¹
491 1163 568 1240 πῶς
598 1148 661 1229 οῦν
682 1153 847 1246 Ἀστέριος
879 1177 952 1243 ταῖς
982 1155 1091 1248 ἆγίαις
1121 1177 1266 1249 γραφαῖς
1295 1154 1415 1243 ἀπλιῦς
1435 1165 1491 1231 καί

238 1251 403 1343 ίμφόβως
425 1252 632 1329 ἀκολουθεῖν
652 1257 948 1349 προσποιούμενος
968 1256 1031 1330 οῦκ
1062 1263 1148 1346 ἔγνω
1183 1256 1224 1330 τὸ
1254 1264 1353 1347 μέρος
1384 1265 1489 1331 τοῦτο

239 1360 347 1444 λέγον
372 1353 503 1444 »κύριος
525 1352 544 1429 ό
567 1354 649 1441 θεός
671 1381 741 1442 σου,
765 1349 867 1442 οὗτος
890 1356 971 1441 θεὸς
993 1363 1030 1430 ἐν
1051 1366 1103 1449 τῷ
1119 1354 1256 1448 οῦρανῷ
1273 1357 1347 1430 ἀνω
1363 1365 1419 1429 καὶ
1437 1363 1492 1430 ἐπὶ

238 1459 305 1543 τῆς
327 1459 388 1544 γῆς
409 1452 515 1541 κάτω,
536 1464 592 1528 καὶ
614 1453 677 1529 οῦκ
699 1461 792 1529 ἔστιν
808 1461 858 1529 ἔτι
871 1458 965 1548 πλὴν
984 1454 1121 1542 αῦτοῦι,
1142 1465 1197 1529 καὶ
1219 1452 1274 1529 ότι
1299 1457 1364 1541 »είς
1377 1462 1487 1530 ἐστινι

128 1565 159 1618 10
237 1559 298 1625 καὶ
321 1552 414 1644 πλὴν
435 1552 544 1628 αῦτοῦ
566 1558 680 1646 ἕτερος
704 1553 787 1630 »οῦκ
808 1559 928 1630 ἔστινι.

174 1658 230 1724 καί
253 1654 392 1742 προϊών
415 1647 515 1739 αὖθις
538 1662 772 1747 διισχυρίζεται
794 1655 938 1744 φάσκων
1507 1676 1540 1730 35

237 1757 312 1838 (Nr.
329 1761 381 1841 40)
412 1750 453 1826 οῦ
474 1764 809 1846 καταχρηστικῶς
831 1754 951 1846 λόγος
973 1752 1230 1846 ὀνομασθείς,
1259 1753 1325 1828 κάν
1355 1762 1489 1846 διαρρα-

236 1860 347 1940 γῶοιν
369 1858 401 1926 οἱ
423 1856 804 1944 ἑτεροδιδασκαλοῦντες
818 1853 1032 1947 ψευδόμενοι,
1049 1853 1136 1929 ἀλλὰ
1150 1864 1276 1947 κυρίως
1292 1883 1330 1927 τε
1343 1863 1399 1927 καὶ
1409 1853 1488 1947 ἀλη-

236 1959 319 2037 θῶς
340 1950 504 2044 ῦπάρχων
526 1951 637 2045 λόγος.

127 2063 157 2117 15
173 2059 231 2122 καί
254 2062 487 2143 προστίθησιν

237 2156 311 2238 (Nr.
327 2160 379 2238 45)
401 2162 436 2225 τί
457 2152 520 2244 γὰρ
542 2155 661 2244 ἕτερον
681 2145 725 2244 ἦν
739 2151 1039 2245 ἀποκεκρυμμένον
1053 2153 1239 2244 μυστήριον
1261 2150 1283 2244 ἢ
1305 2156 1381 2244 (τὸ)
1401 2156 1490 2228 κατὰ

237 2249 306 2324 τὸν
327 2246 448 2341 λόγον,·
470 2248 583 2337 οῦτως
606 2259 640 2324 δὲ
663 2246 706 2342 ἦν
721 2251 1022 2345 ἀποκεκρυμμένον
1046 2260 1102 2326 »ἐν
1117 2261 1168 2342 τοῦ
1184 2263 1275 2345 θεῷ(
1293 2264 1393 2329 τουτὶ
1406 2253 1488 2345 πρό-

237 2378 344 2439 τερον
366 2350 406 2424 τὸ
428 2349 627 2443 μυστήριον,
655 2351 744 2425 οόστε
770 2360 897 2445 μηδένα
918 2360 982 2426 τοῦ
1003 2362 1175 2444 προτέρου
1196 2362 1283 2429 λαοῦ
1303 2363 1423 2443 σαφῶς
1445 2354 1488 2427 τὰ

236 2450 330 2523 κατὰ
351 2450 415 2523 τόν
437 2448 542 2541 λόγον
564 2457 696 2537 είδέναι,
719 2450 792 2526 ἀλλ’
815 2450 902 2544 ἡμᾶς
924 2460 986 2525 τοῦ
1008 2453 1165 2527 πλοῦτον
1188 2462 1267 2546 »τῆς
1288 2454 1406 2544 δόξηςι
1431 2461 1488 2526 καὶ

125 2556 157 2613 20
235 2556 304 2623 τοῦ
325 2547 624 2642 ἀποκεκρυμμένου
645 2562 831 2643 μυστηρίου
852 2550 1039 2626 ἀπολαύειν
1061 2563 1145 2626 νυνί.

171 2657 229 2721 καὶ
251 2651 339 2742 μετὰ
360 2656 468 2721 ταῦτα
489 2647 595 2722 πάλιν
617 2648 820 2742 ἀνθρωπίνη
846 2659 1008 2744 κέχρηται
1034 2652 1152 2738 είκόνι,
1184 2659 1310 2726 τοῦτον
1341 2650 1485 2743 γράφων
1502 2663 1536 2719 36

172 2749 239 2823 τὸν
262 2749 395 2837 τρόπον

237 2854 308 2937 (Nr.
324 2858 377 2937 52)
399 2859 452 2935 τίς
474 2850 537 2941 γὰρ
559 2845 671 2934 οὕτως
693 2846 715 2939 ἢ
738 2858 812 2923 τῶν
833 2847 942 2941 ἀγίων
964 2849 1118 2942 ἀγγέλων
1139 2847 1161 2940 ἢ
1183 2847 1320 2939 ἀνδρῶν
1342 2858 1485 2924 δικαίων

237 2946 434 3035 ἀξιόπιστος
456 2943 499 3041 ἦν
520 2949 586 3042 τὴν
608 2954 645 3021 ἐκ
666 2952 856 3040 προσώπου
878 2958 942 3023 τοῦ
956 2957 1042 3022 θεοῦ
1057 2946 1252 3041 ὁρισθεῖσαν
1272 2949 1366 3042 αὐτῷ
1383 2980 1486 3039 τιμω·

238 3059 316 3136 ρίαν
337 3057 443 3134 λῦσαι,
463 3059 468 3139 Ι
487 3056 517 3123 εί
536 3050 581 3142 μὴ
605 3047 708 3134 αὐτὸς
723 3047 742 3122 ὁ
758 3047 858 3139 λόγος
871 3046 891 3123 ό
906 3051 1093 3141 συμπαρών
1107 3079 1144 3123 τε
1165 3058 1220 3123 καὶ
1244 3049 1485 3141 ουμπλάττων,
1503 3064 1611 3135 37141

236 3148 324 3237 πρὸς
346 3143 388 3221 όν
409 3145 428 3222 ὁ
449 3150 565 3242 πατὴρ
590 3147 805 3241 »ποιήσωμεν
827 3150 1036 3239 ἀνθρωπονι
1067 3153 1132 3238 ἔφη
1157 3147 1249 3223 »κατ’
1273 3149 1388 3223 εἰκόνα
1410 3147 1486 3240 ἧμε·

237 3257 341 3339 τέραν
361 3258 418 3321 καὶ
448 3245 645 3340 ῦμοίωσινι,
676 3246 739 3323 οῦκ
769 3243 872 3333 ὄντος
902 3251 1019 3337 ἑτέρου
1049 3255 1134 3323 θεοῦ
1164 3258 1227 3323 τοῦ
1257 3248 1487 3340 συμπλάττειν

237 3345 332 3439 αῦτῷ
355 3355 552 3438 δυναμένου.
598 3350 701 3440 »ίγώι
726 3347 790 3440 γάρ
813 3357 891 3439 είμι,
915 3357 1027 3439 φησίν,
1053 3347 1153 3434 »θεὸς
1178 3357 1319 3436 πρῶτος
1339 3357 1396 3422 καὶ
1418 3349 1485 3439 ἐγὼ

235 3447 321 3537 μετὰ
343 3454 466 3533 ταῦτα,
496 3457 553 3521 καὶ
582 3449 676 3540 πλὴν
705 3455 788 3540 ἐμοῦ
817 3448 899 3532 θεὸς
930 3450 1045 3538 ἕτερος
1072 3446 1134 3522 οῦκ
1155 3453 1277 3521 ἔστινι.
1319 3444 1399 3522 οὔτε
1422 3442 1485 3521 οῦν

237 3545 437 3637 νεώτερός
458 3580 511 3633 τις
531 3546 628 3633 θεός
650 3543 706 3639 ἢν,
738 3543 819 3622 οῦτε
841 3549 946 3635 ἄλλος
974 3580 1026 3634 τις
1052 3548 1154 3639 »μετὰ
1177 3554 1302 3620 ταῦτα(
1327 3548 1410 3633 θεὸς
1433 3543 1485 3622 ὢν

237 3653 311 3737 θεῷ
333 3666 506 3737 συνεργεῖν
529 3648 674 3733 δυνατὸς
689 3643 740 3740 ἦν.
770 3645 844 3721 ἀλλ’
860 3655 891 3723 εί
903 3679 956 3733 τις
970 3657 1078 3740 μικρῷ
1103 3656 1247 3721 τινικαὶ
1269 3646 1483 3739 ἀνθρωπίνῳ
1501 3669 1536 3728 38

235 3742 315 3818 καθ’
339 3744 424 3836 ἡμᾶς
444 3753 688 3839 παραδείγματι
709 3751 881 3840 χρώμενος
907 3747 956 3833 ιῦς
977 3748 1032 3821 διὰ
1055 3745 1188 3833 εἰκόνος
1210 3748 1276 3839 τὴν
1296 3757 1396 3821 θείαν
1418 3753 1485 3835 &ge-

236 3842 334 3934 τάζοι
363 3852 499 3935 πρᾶξιν·
541 3844 655 3939 οόσπερ
687 3847 730 3922 ἄν
759 3878 813 3931 τις
844 3845 1131 3938 ἀνδριαντοποιὸς
1161 3845 1358 3938 ἐπιστήμων
1390 3845 1484 3939 ἀνήρ,

259 4017 278 4073 8
295 4016 375 4071 Dent.
392 4019 418 4079 4,
437 4019 471 4074 39
487 4047 521 4057 -
539 4019 558 4073 θ
576 4018 656 4074 Dent.
675 4021 699 4087 6,
717 4023 734 4074 4
752 4049 785 4059 -
805 4020 844 4075 10
862 4020 941 4075 Dent
960 4023 985 4088 4,
1004 4024 1043 4075 35.
1063 4018 1190 4088 32,39(θ)
1206 4049 1240 4059 -
1260 4019 1318 4075 164
1333 4018 1403 4089 Rph.
1421 4020 1445 4083 3,
1459 4019 1485 4075 9.

173 4116 631 4189 KoL1,26-1otssph.3,16.20
646 4149 676 4159 -
692 4120 753 4176 241
767 4118 835 4175 Gen.
853 4123 878 4189 3,
898 4120 952 4178 19?
970 4150 1003 4160 -
1022 4121 1059 4176 λθ
1078 4120 1145 4176 Gen.
1156 4124 1180 4187 1,
1190 4120 1224 4176 26
1241 4150 1272 4160 -
1294 4120 1334 4178 2⁸
1353 4120 1485 4186 ίεε.44,6

174 4248 209 4260 -
227 4219 269 4276 80
286 4219 340 4275 ίει.
357 4222 400 4287 44,
418 4221 435 4275 6

258 4370 277 4427 4
304 4370 452 4439 ποιοῦμεν]
481 4378 513 4435 -4-
534 4370 584 4425 καί
602 4368 725 4441 λέγομεν
742 4372 788 4427 Mo
815 4374 819 4440 Ι
847 4373 866 4430 8
892 4371 977 4442 λέγον
996 4372 1034 4423 V²
1055 4389 1081 4425 u.
1100 4373 1163 4427 and.
1182 4374 1221 4428 st.
1238 4370 1330 4443 λέγων
1349 4371 1389 4425 V*
1415 4373 1420 4440 Ι
1448 4374 1486 4430 16

171 4470 206 4527 τὸ
224 4471 288 4528 md.
306 4471 346 4526 st„
371 4472 376 4539 Ι
403 4470 443 4526 2⁰
468 4467 745 4540 ἀποκεκαλυμμίνου
761 4474 801 4527 Re
831 4476 835 4541 1
863 4473 904 4529 28
921 4471 1004 4543 ἢίΗ-
1018 4480 1076 4529 τῶν
1093 4492 1122 4527 m
1148 4476 1153 4541 Ι
1180 4475 1217 4530 27
1245 4473 1304 4543 καί]
1324 4481 1356 4538 -4-
1373 4467 1442 4528 καθ’
1458 4491 1486 4527 m

174 4575 178 4639 Ι
209 4572 248 4628 81
267 4568 452 4647 ἀνθρωπίνη]
469 4579 597 4646 ταπεινῷ
614 4573 654 4627 Ro
671 4573 727 4643 vgl.
745 4574 873 4640 s.40.20‚
891 4575 958 4630 aber
975 4574 1046 4631 auch
1064 4574 1098 4630 (1ο
1116 4576 1181 4630 eccl.
1200 4576 1239 4630 th.
1256 4574 1292 4643 11,
1311 4575 1352 4641 16,
1369 4579 1386 4629 4
1410 4576 1414 4643 Ι
1441 4575 1481 4631 88

173 4668 220 4744 ἂν]
239 4681 272 4738 ÷
289 4671 318 4730 εί
332 4673 396 4728 and.
413 4675 453 4729 St„
