3674 5506
332 449 392 509 200
921 442 1053 498 Eusebius

332 606 478 682 όσωτηρ
501 608 640 685 εἴρηκεν
668 610 750 682 »ἐγώ
772 615 830 668 καί
853 606 1051 684 όπατηρὲν
1069 607 1198 686 έσμενς.
1234 612 1332 685 είγάρ
1350 607 1427 669 τοῦτ’
1456 612 1501 683 δην,
1527 614 1644 679 πάντως

332 689 369 749 ἂν
384 688 450 764 ἔφη·
470 694 528 766 ἐγώ
545 697 594 752 καί
612 696 628 751 ό
646 701 739 766 πατὴρ
758 696 788 752 ἐν
806 690 915 753 ἅπασιν
931 694 1005 767 πρός
1026 693 1165 765 ἀλλήλους
1187 706 1404 766 συμφωνοῦμεν.
1440 700 1501 753 νυνί
1518 699 1548 755 δέ
1569 696 1642 767 »ἐγώ

331 780 381 833 καί
399 779 415 834 ό
432 783 528 851 πατὴρ
546 776 577 837 έν
596 778 696 849 ἐσμενι
722 775 784 851 ἔφη.
820 779 924 837 οάκοῦν
949 777 1022 836 εἶέν
1040 777 1160 847 ἐκείνοις
1177 779 1346 851 ἀσυμφωνία
1365 800 1407 848 τις
1424 780 1465 852 όν,
1484 779 1595 853 ἀνάγκη
1613 781 1644 837 δέ

332 861 384 918 τόν
402 865 541 935 δεσπότην
567 863 730 935 ἀληθεύειν,
756 862 808 920 τόν
831 870 944 937 σωτῆρα
971 861 1095 938 ἀκριβῶς
1121 863 1224 922 εἰδέναι
1250 868 1398 938 προσήκει,
1426 862 1470 921 ὅτι
1496 867 1579 935 ηνίκα
1606 862 1643 923 ἀν

297 948 314 1000 5
335 943 408 1018 »ἐγώ
424 952 474 1004 καί
492 949 508 1005 ό
526 954 619 1020 πατὴρ
631 946 669 1006 ’ἓν
686 947 786 1018 ἐσμενι
806 948 881 1020 λέγη,
899 957 1051 1018 τηνικαῦτα
1069 948 1121 1006 οόκ
1136 949 1177 1016 είς
1192 947 1244 1005 τόν
1260 946 1417 1023 ἄνθρωπον
1435 949 1469 1006 όν
1490 948 1643 1019 ἀνείληφεν

332 1029 503 1106 ἀποβλέπων
524 1031 611 1091 τοῦτό
630 1051 727 1105 φησιν,
750 1027 812 1090 ἀλλ’
833 1032 874 1099 εἰς
895 1029 948 1090 τόν
964 1032 997 1090 ἐκ
1013 1042 1064 1090 τοῦ
1081 1029 1192 1107 πατρός
1208 1037 1392 1107 προελθόντα
1409 1036 1507 1106 λόγον.
1542 1034 1571 1091 εί
1587 1034 1643 1107 γάρ

331 1137 374 1183 τις
398 1115 570 1188 ἀσυμφωνία
596 1114 671 1175 εἶναι
695 1119 809 1188 δοκοίη,
836 1113 905 1188 αότη
932 1116 1129 1192 ἀναφέρεσθαι
1156 1118 1197 1185 εἰς
1217 1123 1269 1189 τὴν
1289 1126 1339 1188 τῆς
1361 1116 1468 1189 σαρκός
1489 1118 1644 1177 ἀσθένειαν

333 1199 448 1271 όφείλει,
468 1202 501 1273 ἣν
519 1207 559 1273 μὴ
576 1204 718 1276 πρότερον
736 1197 809 1272 έχων
826 1200 978 1273 ἀνείληφεν
996 1201 1012 1258 ό
1030 1205 1124 1275 λόγος.
1160 1201 1188 1260 εί
1203 1204 1233 1261 δέ
1256 1199 1354 1273 ἑνότης
1371 1203 1495 1275 λέγοιτο,
1514 1198 1586 1272 αι’ἷτη
1604 1210 1644 1275 τῷ

331 1282 409 1359 λόγῳ
432 1285 607 1360 διαφέρουσα
635 1290 774 1357 φαίνεται.
810 1283 880 1345 ὅθεν
907 1287 942 1344 οό
966 1283 1058 1357 μόνον
1081 1287 1116 1343 τό
1146 1284 1219 1358 »ἐγώ
1244 1291 1293 1344 καί
1319 1287 1335 1343 δ
1362 1290 1454 1360 πατὴρ
1480 1283 1512 1344 ἓν
1540 1284 1641 1357 ἐσμεν·

281 1371 315 1426 10
332 1365 451 1436 εἰκότως
468 1365 529 1440 ἔφη,
547 1369 620 1428 ἀλλὰ
637 1370 767 1429 κάκεῖνο·
788 1371 929 1446 ιτοσοίτῳ
947 1367 1044 1445 χρόνῳ
1061 1368 1128 1440 μεθ’
1144 1369 1225 1440 ὑμῶν
1242 1370 1308 1441 είμί,
1321 1372 1453 1435 Φίλιππε,
1471 1374 1520 1428 καί
1539 1371 1643 1443 λέγεις·

331 1450 424 1521 δεῖξόν
441 1474 492 1525 μοι
509 1452 560 1511 τόν
578 1456 717 1528 πατέραι,
740 1459 825 1524 δῆλον
843 1452 888 1511 ότι
906 1454 941 1511 οίι
957 1454 1069 1521 τοίτοις
1090 1464 1151 1521 τοῖς
1169 1456 1340 1526 ὀφθαλμοῖς.
1357 1453 1430 1512 άλλδι
1448 1463 1510 1522 τοῖς
1528 1464 1645 1527 νοητοῖς

332 1537 367 1593 τὰ
385 1537 473 1609 νοητὰ
492 1537 564 1611 όρᾶν
581 1539 756 1609 δυναμένοις.
792 1536 917 1612 ἀόρατος
942 1538 999 1611 γὰρ
1026 1549 1086 1606 τοῖς
1110 1546 1160 1609 τῆς
1186 1537 1292 1611 σαρκός
1315 1535 1441 1609 ὄμμασιν
1464 1537 1531 1598 ότε
1550 1545 1643 1614 πατὴρ

332 1619 453 1695 ὑπάρχει
475 1626 523 1680 καί
546 1625 562 1679 ό
584 1622 686 1680 τούτου
704 1619 798 1696 λόγος.
834 1618 871 1681 ου’
893 1623 948 1681 διὰ
966 1628 1025 1694 τὴν
1047 1622 1082 1681 έν
1110 1619 1240 1681 άπασιν
1266 1617 1317 1678 οὖν
1343 1626 1550 1694 συμφωνίαν
1568 1621 1645 1681 τοῦτ’

335 1701 388 1778 ἐφη
407 1703 481 1780 πρός
499 1710 652 1764 Φίλιππον,

283 1876 316 1928 16
419 1877 465 1932 Nr.
484 1879 517 1931 75
536 1876 585 1945 (Re
603 1877 646 1945 66)
673 1874 760 1942 αότδς
786 1875 841 1947 γάρ
869 1873 1008 1946 ὁμολογεῖ
1030 1874 1122 1947 λέγων
1142 1874 1187 1932 »ἐν
1214 1874 1278 1947 έμοί
1301 1875 1317 1932 ό
1339 1877 1432 1947 πατὴρ
1454 1873 1539 1946 κάγὼ
1556 1874 1587 1932 ἐν
1605 1883 1644 1949 τῷ

334 1962 450 2033 πατρία·
480 1956 525 2018 ότι
550 1961 580 2017 δέ
602 1969 686 2017 τοῦτο
710 1959 761 2032 σόη
783 1957 881 2026 ἁπλῶς
899 1958 963 2017 οὐδέ
989 1959 1124 2028 ἀσκόπως
1141 1957 1265 2033 εἴρηκεν,
1292 1965 1376 2030 δῆλον
1401 1961 1451 2016 καί
1477 1955 1528 2031 ἀφ’
1546 1958 1645 2033 ἑτέρας

333 2041 525 2114 άποστολιιιῆς
545 2044 665 2118 ῥήσεως·
695 2039 763 2112 »είςι
788 2043 844 2116 γάρ
867 2042 883 2100 ό
906 2044 996 2102 είπὼν
1017 2044 1135 2117 ικὺριος,
1153 2047 1205 2115 μία
1224 2049 1327 2111 πίστις,
1353 2040 1384 2099 ἓν
1404 2043 1567 2116 βάπτισμαι
1590 2038 1645 2110 »εἷς

271 2131 275 2140 ’
333 2128 417 2194 θεόςι
437 2125 490 2201 έφη
512 2133 576 2187 »καί
597 2132 703 2201 πατήρ,
730 2127 746 2183 ό
773 2128 820 2185 ἐπί
841 2131 957 2186 πάντων
977 2133 1026 2187 καί
1047 2129 1093 2187 διὰ
1112 2129 1230 2186 πάντων
1246 2131 1295 2186 καί
1313 2127 1343 2185 ἐν
1362 2134 1474 2185 πᾶσιυα.
1512 2127 1583 2206 δρᾷς
1600 2125 1644 2186 ότι

335 2208 394 2268 οὐδ’
412 2211 537 2270 ἐνταῦθα
560 2212 713 2283 ἀφίσταται
738 2224 787 2282 τῆς
813 2216 989 2285 συμφωνίας,
1016 2213 1087 2271 ἀλλὰ
1115 2216 1164 2271 καί
1191 2212 1315 2272 ἐνταῦθα
1341 2214 1373 2271 τό
1398 2214 1469 2270 αὐτὸ
1487 2214 1642 2272 πέπονθεν.

283 2299 317 2354 20
338 2290 407 2362 »είςι
427 2296 483 2369 γὰρ
502 2295 592 2355 εἰπών
607 2296 731 2369 »κόριοςι
753 2291 835 2365 αὖθις
855 2293 910 2364 »εἷς
927 2300 1010 2365 θεόςι
1036 2294 1103 2370 ἔφη,
1127 2296 1177 2355 ἵνα
1204 2301 1287 2370 ηνίκα
1313 2296 1349 2355 ἂν
1376 2307 1427 2355 τοῦ
1454 2295 1520 2366 ἑνὸς
1546 2301 1643 2371 κυρίου

333 2381 499 2452 μνημονεύῃ
517 2382 715 2455 περιλαμβάνη
732 2386 780 2439 καί
798 2381 848 2439 τὸν
865 2383 983 2455 πατέρα,
1009 2385 1092 2453 ἡνίκα
1117 2377 1145 2438 δ’
1168 2381 1203 2440 ἀν
1229 2388 1295 2455 περί
1316 2392 1368 2441 τοῦ
1390 2383 1499 2455 πατρὸς
1522 2385 1589 2455 λέγη
1605 2386 1643 2453 μὴ

335 2462 416 2531 ἐκτός
434 2460 507 2523 εἶναι
526 2466 576 2522 τόν
593 2467 682 2537 λόγον
699 2476 751 2523 τοῦ
767 2472 839 2523 θεοῦ
855 2474 993 2539 μαρτυρῇ.

416 2651 463 2705 Νι.
484 2654 516 2706 76
534 2650 585 2720 (Re
602 2653 645 2720 67)
673 2648 700 2708 εἰ
724 2649 753 2706 δὲ
778 2654 827 2707 καί
850 2650 946 2723 βοάλει
968 2655 1018 2707 καί
1041 2649 1138 2723 ἑτέρας
1156 2650 1277 2708 ἀκοῦσαι
1294 2660 1345 2708 τοῦ
1364 2650 1450 2708 αὐτοῦ
1468 2651 1645 2724 προφητείας

332 2729 383 2791 ἕνα
401 2735 468 2807 ἡμῖν
485 2734 557 2791 θεὸν
574 2733 754 2807 βεβαιοόσης,
784 2732 856 2805 »ἐγώ
884 2734 969 2800 θεὸς(
999 2738 1085 2806 φησίν
1105 2742 1247 2807 »πρῶτος
1273 2740 1322 2792 καί
1344 2734 1385 2802 είς
1407 2735 1442 2792 τά
1465 2733 1645 2806 ἐπερχόμενα

282 2819 315 2874 25
333 2816 390 2890 έγώ
408 2818 494 2888 τίμια·
512 2819 546 2876 τό
565 2821 619 2892 γάρ
638 2816 696 2889 ἐγώ
713 2814 778 2884 ένδς
795 2815 953 2892 προσώπου
973 2820 1111 2876 δεικταιόν
1129 2818 1214 2884 ἐστιν,
1233 2817 1264 2876 αλ
1281 2818 1337 2893 γὰρ
1356 2819 1405 2876 δύο
1423 2819 1521 2889 ῥήσεις
1538 2816 1569 2876 έν
1581 2819 1645 2888 ἡμῖν

332 2903 490 2974 πρόσωπον
508 2906 702 2974 σημαίνουσιν.
741 2900 828 2973 »ἐγώι
857 2902 912 2974 γὰρ
936 2901 1026 2961 εἰπὼν
1050 2903 1151 2976 ἐπάγει
1167 2908 1216 2961 καί
1233 2904 1266 2961 τό
1287 2903 1389 2974 νείμίι,
1416 2899 1491 2961 ὥστε
1519 2903 1564 2960 διὰ
1591 2909 1646 2958 τῶν

332 2987 381 3043 δύο
399 2989 555 3057 τοῦλόγου
573 2995 677 3059 μερῶν,
696 2986 875 3057 ἀντωνυμίας
892 3008 923 3045 τε
941 2991 990 3045 καί
1008 2988 1142 3062 ῥήματος,
1160 2991 1212 3058 την
1222 2996 1271 3058 τῆς
1289 2990 1427 3059 θεότητος
1438 2991 1645 3062 μαρτυρεῖσθαι

332 3071 451 3141 μονάδα.
487 3071 515 3128 εἰ
530 3072 560 3129 δὲ
582 3071 674 3129 δέοιτο
692 3075 740 3129 καί
763 3068 861 3144 ἑτέρας
882 3075 1053 3145 μαρτυρίας,
1082 3066 1165 3139 αὖθις
1190 3073 1241 3129 τόν
1267 3073 1354 3131 αὐτόν
1380 3071 1457 3147 αὐτῷ
1484 3072 1644 3144 παρέξομαι

332 3159 481 3229 προφήτην
499 3157 619 3228 λέγοντα
645 3154 718 3228 »ἐγώ
744 3165 858 3229 πρῶτος
882 3160 932 3214 καί
954 3155 1013 3228 ἐγὼ
1029 3157 1102 3226 μετὰ
1124 3166 1226 3224 ταῦτα,
1252 3161 1301 3214 καί
1319 3161 1391 3226 πλὴν
1409 3155 1479 3226 ἐμοῦ
1499 3157 1552 3214 οὐκ
1569 3152 1642 3213 ἔστιν

281 3238 316 3292 30
332 3242 426 3304 θεόςι.
462 3240 490 3298 εί
511 3238 701 3299 ὑποστάσει
718 3243 927 3315 διῃρημένον
945 3243 1004 3299 τόν
1022 3237 1098 3297 υίόν
1114 3250 1176 3299 τοῦ
1193 3236 1324 3313 πατρός
1346 3238 1390 3307 ὼς
1412 3237 1489 3297 υίόν
1509 3237 1641 3312 ἀνθρώ·

333 3346 398 3382 που
415 3322 551 3398 Ἀστέριος
577 3321 651 3383 εἶναι
677 3323 778 3390 οἴεται,
807 3326 865 3383 ἀπό
891 3334 941 3396 τῆς
963 3327 1145 3398 ἀνθρωπίνης
1170 3322 1277 3400 σαρκός
1299 3327 1333 3397 ἣν
1355 3323 1390 3382 δι’
1412 3328 1486 3396 ἡμᾶς
1504 3324 1641 3397 ἀνέλαβεν

333 3412 601 3479 σκανδαλιζόμενος,
629 3410 762 3468 δεικνίτω
789 3412 855 3480 ἡμῖν
881 3412 932 3468 τὸν
959 3419 1047 3467 ταῦτα
1070 3410 1204 3482 λέγοντα·
1234 3407 1299 3477 ένός
1320 3409 1376 3481 γάρ
1400 3407 1476 3467 ἐστιν
1493 3409 1640 3466 κάνταῦθα

332 3493 491 3565 προσώπου
509 3497 524 3564 ἡ
544 3494 682 3566 λεγομένη
700 3496 789 3566 ῥῆσις.
823 3497 865 3560 τίς
883 3488 933 3551 οὖν
951 3491 1028 3551 ἔστιν
1046 3493 1062 3550 δ
1080 3495 1172 3566 λέγων
1192 3494 1260 3551 »οὐκ
1278 3493 1353 3551 ἔστιν
1371 3497 1443 3564 πλὴν
1459 3492 1531 3563 ἐμοῦ
1542 3493 1639 3558 θεός«;

333 3578 461 3635 ἀκουέτω
484 3579 513 3635 δὲ
534 3580 583 3634 καί
605 3576 701 3650 ἑτέρας
719 3580 894 3649 προφητείας
920 3579 1055 3650 λεγούσης
1083 3579 1151 3636 »οὐκ
1176 3575 1252 3636 έστιν
1278 3584 1350 3648 πλὴν
1372 3576 1443 3648 ἐμοῦ
1469 3580 1576 3642 δίκαιος
1592 3579 1639 3632 καί

281 3658 314 3713 35
333 3667 452 3735 σωτῆρα.
479 3662 506 3718 εἰ
521 3662 570 3717 δίο
583 3664 669 3729 θεοὺς
681 3658 755 3721 εἶναι
772 3665 892 3733 νομίζοι,
911 3663 1021 3735 ἀνάγκη
1040 3661 1128 3721 αὑτὸν
1140 3658 1191 3720 τόν
1203 3660 1303 3735 ἕτερον
1314 3668 1353 3733 μίη
1366 3666 1475 3719 δίκαιον
1488 3654 1639 3733 ὁμολογεῖν

332 3743 406 3805 εἶναι
431 3748 502 3816 μηδέ
528 3754 649 3819 σωτῆρα.
685 3747 712 3805 εί
736 3747 766 3805 δέ
783 3746 819 3803 οὐ
835 3749 943 3814 δίκαιος
969 3747 1033 3805 οὐδὲ
1060 3751 1166 3820 σωτήρ,
1193 3755 1253 3814 πῶς
1276 3745 1316 3804 ἐτι
1334 3744 1404 3813 θεὸς
1421 3741 1493 3804 εἶναι
1512 3745 1638 3808 divarum

331 3827 383 3891 ἕνα
409 3830 465 3903 γάρ
493 3828 685 3902 ἀποφαίνεται
712 3833 821 3887 δίκαιον
847 3835 895 3888 καί
923 3842 1035 3906 σωτῆρα
1058 3827 1139 3889 είναι.
1174 3834 1224 3889 καί
1250 3824 1333 3897 αὖθις
1362 3827 1541 3903 »ἔμπροσθέν
1565 3849 1634 3898 μουι

416 4016 621 4081 15-22123,
640 4016 793 4067 23-31-
812 4017 923 4072 κα-ε.
943 4018 1169 4086 201,18126,
1188 4018 1295 4085 1-121,
1315 4018 1333 4069 ο

420 4155 433 4207 1
464 4152 525 4206 Joh.
545 4152 584 4216 10,
603 4152 637 4205 30
662 4181 696 4190 -
724 4153 741 4205 2
770 4151 831 4204 Joh.
851 4153 891 4215 10,
909 4154 943 4205 30
969 4180 1001 4190 —
1029 4151 1127 4208 51011.
1147 4154 1186 4211 10.
1205 4154 1239 4207 30
1263 4182 1295 4190 -
1321 4151 1421 4207 θίοίι.
1442 4153 1481 4215 10,
1499 4154 1581 4207 30-
1601 4150 1636 4204 10

333 4220 394 4273 Joh.
414 4223 453 4279 14,
472 4224 488 4273 0
507 4249 540 4259 -
559 4219 677 4274 151011.
699 4222 738 4281 10,
758 4220 791 4273 38
808 4249 841 4304 Γ
861 4219 897 4272 11
919 4216 986 4338 Ερίι.
1004 4222 1031 4280 4,
1047 4223 1071 4273 5.
1090 4218 1637 4303 6-20E13h.4,5.6-24Jps.41,4

333 4318 366 4326 -
384 4289 421 4343 26
439 4288 570 4353 Jes.41‚4
583 4317 614 4325 -
629 4287 668 4341 20
686 4287 739 4341 Jes.
749 4289 817 4353 441>
832 4316 865 4324 —
880 4286 919 4341 60
955 4288 1109 4353 εε.44,6-
1124 4287 1163 4342 64
1182 4288 1236 4341 ίεε.
1245 4295 1286 4353 ίο,
1297 4289 1327 4340 21
1344 4317 1377 4326 -
1392 4286 1429 4342 67
1446 4286 1498 4340 δυο.
1507 4287 1548 4351 43,
1558 4284 1634 4339 1011

348 4489 358 4499 .
418 4418 540 4489 θέσμεν
561 4417 615 4490 ἔφη
635 4422 670 4473 61
690 4438 713 4475 υ..
727 4420 759 4476 R.
791 4423 795 4481 Ι
829 4417 932 4475 οάκοῖν
950 4419 977 4475 εί
994 4421 1023 4474 in
1041 4420 1102 4475 Bas.
1122 4422 1159 4475 V¹
1193 4425 1197 4489 Ι
1230 4417 1535 4483 56016611
1565 4414 1636 4484 λέγει

333 4490 364 4575 X,
378 4492 382 4555 Ι
404 4489 439 4571 11
455 4490 575 4575 πατέρα]
587 4498 618 4553 -Ι-
630 4482 650 4569 ό7
659 4483 794 4558 ἑωρακώς
806 4484 856 4556 ἐμὲ
869 4484 979 4573 έώραριε
992 4491 1001 4541 ί
1003 4488 1062 4554 τὸν)
1076 4486 1185 4581 πατέρα
1195 4508 1216 4549 r,
1227 4490 1299 4544 wohl
1308 4490 1361 4577 πάλ»
1370 4489 1458 4575 Βοο66
1480 4491 1485 4556 1
1510 4487 1634 4542 16τοῦτο

334 4557 501 4678 αλιι
518 4557 675 4678 ,παι
692 4561 716 4676 ι
738 4551 1121 4692 πάπταινον·
1141 4558 1179 4610 ν
1210 4559 1214 4625 ¹
1246 4557 1350 4629 ων
1369 4566 1401 4620 ÷
1557 4550 1633 4613 ν’
