3698 5510
322 500 361 563 82
905 488 1038 545 Eusebius

321 665 378 729 καὶ
400 664 518 728 σκοτία
541 650 603 728 οὐκ
624 655 717 725 ἐστιν
739 659 776 724 ἐν
798 650 893 743 αὐτῷ
916 649 1080 743 οῦδεμίαι.
1116 652 1257 743 καὶγὰρ
1284 648 1303 724 ό
1325 660 1386 743 μέν
1409 662 1485 743 φῶς
1507 652 1631 745 άπροσ·

322 785 399 828 ιτσν
421 747 477 844 ῆν,
506 751 554 838 ῶς
576 750 595 826 ό
619 765 713 837 θεῖος
736 748 930 837 ἀπόστολος
952 751 1099 825 διδάσκει
1123 760 1232 843 λέγων
1261 762 1356 841 »φῶς
1378 760 1484 827 οἰκῶν
1506 752 1631 845 άπρόσ·

322 884 410 940 ιτον,
442 848 483 926 όν
505 857 592 926 είδεν
614 849 723 936 οῦδείς
745 848 823 924 οῦδὲ
843 855 926 924 ἰδεῖν
948 851 1124 926 δῦναταιι·
1159 849 1234 925 ὁδ’
1266 861 1321 926 »ἐν
1343 861 1393 945 τῷ
1416 853 1532 946 κόσμῳ
1557 847 1630 944 ῆνι,
1666 872 1684 927 9

326 960 507 1043 »φωτίζων
528 951 643 1025 πάντα
664 952 856 1041 ἄνθρωπον
882 950 1065 1043 ἐρχόμενον
1091 958 1138 1037 είς
1164 952 1228 1025 τὸν
1258 950 1415 1043 κόσμονι.
1458 952 1546 1028 ἀλλὰ
1575 962 1630 1025 καί

288 1051 342 1127 δά
372 1051 511 1143 κόσμος,
543 1061 659 1144 φησίν,
691 1051 746 1124 διὰ
777 1057 876 1124 τοῦδε
905 1058 967 1124 τοῦ
998 1053 1116 1140 φωτὸς
1146 1062 1298 1143 γέγονεν,
1329 1060 1394 1125 τοῦ
1422 1063 1631 1143 κρείττονος,

322 1152 450 1243 δηλαδῆ
473 1160 536 1225 τοῦ
557 1151 703 1242 πατρός,
734 1153 788 1224 διὰ
816 1157 880 1223 τοῦ
905 1154 980 1223 νίοῦ
1005 1151 1048 1224 τό
1074 1161 1144 1226 πᾶν
1167 1159 1418 1244 συνισταμένου.
1461 1171 1550 1242 τρεῖς
1570 1160 1632 1244 μὲν

322 1253 363 1343 δῆ
387 1245 487 1325 αὗται
509 1252 597 1324 κατὰ
619 1251 660 1324 τό
684 1248 769 1324 αὐτὸ
790 1259 865 1324 τῶν
887 1255 950 1324 τοῦ
971 1253 1045 1324 υἱοῦ
1071 1259 1135 1324 τοῦ
1165 1259 1251 1325 θεοῦ
1277 1252 1456 1341 δυνάμεων
1485 1246 1631 1343 εὔφημοι

321 1359 377 1425 καί
399 1350 542 1437 εὐσεβεῖς
564 1356 740 1442 ἐπηγορίαι
762 1359 814 1442 τῷ
837 1349 995 1442 θεολόγῳ
1027 1358 1088 1441 τῆς
1119 1360 1251 1449 γραφῆς
1280 1349 1455 1444 ἀρχομένῳ
1486 1350 1631 1442 παρελῆ·

322 1464 473 1543 φθησαν·
511 1448 530 1525 ό
553 1448 654 1541 λόγος
674 1459 730 1522 καί
752 1446 771 1522 ό
794 1450 876 1533 θεός
895 1457 952 1521 καί
973 1451 1014 1523 τό
1038 1459 1122 1539 φῶς.

271 1565 305 1620 10
405 1552 447 1624 δ’.
480 1549 543 1642 ἤδη
571 1558 684 1623 δὲκαὶ
712 1549 882 1639 τετάρτην
908 1558 1136 1641 προστίθησιν
1169 1547 1188 1622 δ
1220 1549 1337 1637 αῦτός,
1367 1558 1535 1642 μονογενῆ
1566 1551 1629 1624 τόν
1649 1575 1684 1629 10

323 1648 430 1725 αῦτόν
452 1647 639 1724 ἀποκαλῶν
661 1656 698 1722 ἐν
720 1651 770 1732 οίς
792 1673 897 1739 φησιν
926 1657 997 1720 »καί
1025 1644 1044 1720 ὁ
1072 1647 1173 1739 λόγος
1199 1650 1281 1741 σάρξ
1303 1656 1514 1741 ἐγένετοκαὶ
1537 1651 1630 1744 ἐσκῆ-

323 1775 434 1824 νωσεν
456 1755 493 1822 ἐν
514 1749 601 1841 ῆμῖν,
623 1758 680 1820 καὶ
701 1747 915 1840 ἐθεασάμεθα
937 1749 1001 1838 τῆν
1022 1748 1126 1836 δόξαν
1146 1748 1266 1839 αὐτοῦ,
1295 1748 1398 1838 δόξαν
1419 1749 1467 1833 ῶς
1488 1781 1630 1842 μονογε·

321 1858 402 1935 νοῦς
424 1850 517 1940 παρὰ
539 1848 684 1939 πατρός,
715 1846 847 1939 πλήρης
877 1846 1016 1938 χάριτος
1043 1858 1100 1920 καὶ
1127 1849 1318 1939 άληθείαςι.
1362 1847 1487 1924 οῦκοῦν
1508 1860 1564 1925 καί
1587 1849 1628 1939 [ό]

320 1950 508 2043 μονογενῆς
531 1955 593 2021 τοῦ
614 1954 699 2019 θεοῦ
720 1955 803 2035 πρίν
825 1947 890 2038 τῆν
913 1946 1021 2038 σάρκα
1042 1946 1222 2036 ἀναλαβεῖν
1247 1948 1473 2040 ἐχρημάτιζεν.
1517 1955 1545 2023 εί
1566 1952 1629 2042 γάρ

270 2066 303 2120 15
320 2059 376 2121 καὶ
398 2051 442 2122 τὰ
463 2047 622 2140 μάλιστα,
645 2055 761 2137 φησίν,
785 2044 826 2118 δι’
849 2045 935 2137 ῆμῦις
960 2044 997 2120 »ό
1021 2045 1120 2138 λόγος
1141 2048 1224 2137 σὰρξ
1246 2056 1415 2139 ἐγένετοι,
1438 2048 1513 2123 ἀλλ’
1536 2046 1629 2142 όμως

321 2148 422 2239 ἡμεῖς,
445 2149 497 2231 οίς
515 2158 520 2232 1
539 2153 749 2235 κατηξίωσεν
771 2150 983 2233 ἐνδείξασθαι
1006 2148 1071 2239 τῆν
1092 2151 1215 2221 ἑαυτοῦ
1230 2148 1391 2239 θεότητα,
1414 2146 1476 2221 οῦκ
1498 2157 1545 2235 είς
1563 2152 1631 2242 τῆν
1648 2169 1689 2225 85

321 2246 427 2337 σάρκα
450 2244 659 2336 ἀφορῶντες,
680 2242 779 2334 (αῦτη
801 2246 863 2336 γάρ
888 2248 1019 2337 »μορφῆ
1041 2248 1183 2321 δοῦλον(
1208 2240 1262 2337 ῆν)
1285 2245 1359 2320 ἀλλ’
1379 2256 1425 2332 είς
1446 2249 1512 2340 τῆν
1526 2248 1629 2338 δόξαν

321 2344 427 2418 αὐτοῦ
456 2346 521 2435 τῆν
552 2344 651 2429 ἐκτός
680 2351 744 2416 τοῦ
773 2345 930 2435 στόματος
960 2355 1011 2439 νῷ
1042 2355 1186 2437 καθαρῷ
1221 2356 1476 2441 θεωρουμένην,
1516 2355 1630 2421 »ἐθεα-

322 2445 454 2536 σάμεθα
476 2445 541 2536 τῆν
564 2441 668 2533 δόξαν
689 2442 829 2531 αῦτοῦι,
862 2443 965 2533 δόξαν
996 2446 1146 2535 ἄρρητον
1175 2456 1231 2519 καὶ
1260 2446 1376 2520 πάντα
1402 2456 1547 2539 θνητῶν
1574 2463 1629 2522 λο·

269 2563 304 2618 20
322 2545 440 2638 γισμόν
460 2545 739 2635 ῦπερβαίνονσαν,
762 2541 887 2618 ὁποίαν
909 2545 984 2635 <άν>
1007 2576 1059 2630 τις
1080 2545 1271 2636 ἐννοήσειεν
1294 2545 1434 2635 »δόξανι
1452 2553 1529 2622 υίοῦ
1544 2557 1628 2622 θεοῦ

322 2652 575 2737 »μονογενοῦςα
619 2638 661 2735 ῆν
691 2652 727 2716 δὲ
757 2641 843 2735 αῦτη
877 2646 986 2734 »παρὰ
1012 2652 1075 2718 τοῦ
1105 2646 1253 2735 πατρὸςι
1286 2645 1376 2734 δόξα.
1419 2644 1501 2742 όρῆις
1531 2643 1628 2732 ὅπως
1646 2667 1680 2718 11

320 2743 383 2819 οῦκ
399 2748 503 2818 εἶπεν·
528 2753 602 2816 »καί
616 2741 830 2834 ἐθεασάμεθα
845 2745 911 2834 τῆν
925 2743 1029 2832 δόξαν
1043 2741 1159 2828 αὐτοῦ,
1183 2745 1286 2832 δόξαν
1302 2744 1368 2831 ῶς(
1387 2746 1499 2839 λόγου,
1514 2755 1627 2822 καίτοι

320 2847 499 2936 προειπῶν
525 2840 561 2916 »ό
584 2842 686 2933 λόγος
717 2843 799 2931 σάρξ
829 2848 999 2932 ἐγένετοι,
1031 2841 1105 2916 ἄλλ’
1136 2850 1191 2917 ἵνα
1221 2845 1337 2935 διδάξῃ
1368 2843 1491 2920 όποῖον
1521 2846 1628 2921 αῦτόν

320 2942 535 3036 ῦπεστῆσατο
558 2942 663 3033 λόγον
686 2936 754 3031 (ότι
775 2941 819 3032 μὴ
842 2942 1063 3033 σημαντικόν
1093 2953 1169 3027 πῶς
1184 2945 1247 3034 γάρ
1269 2954 1325 3017 καί
1347 2943 1423 3019 οίόν
1445 2977 1483 3019 τε
1505 2941 1549 3038 ῆν
1563 2948 1628 3020 τόν

268 3059 302 3114 25
322 3049 483 3117 τοιοῦτον
513 3039 618 3132 σάρκα
649 3049 848 3131 γενέσθαη),
880 3038 1073 3132 ἀναγκαίως
1103 3052 1270 3135 μονογενῆ
1301 3042 1409 3119 αὐτὸν
1436 3066 1627 3132 προσεῖπεν.

320 3150 375 3215 καί
398 3142 464 3233 τῆν
487 3139 590 3228 δόξαν
610 3140 716 3214 αὐτοῦ
738 3141 869 3230 ταύτην
891 3142 975 3213 εἶναι
997 3139 1157 3230 διδάσκει,
1188 3141 1269 3216 καθ’
1298 3142 1341 3234 ῆν
1368 3164 1497 3218 νοεῖται
1525 3176 1627 3237 μονο-
1646 3162 1681 3215 12

321 3243 417 3334 γενῆς
440 3249 503 3314 τοῦ
524 3249 609 3314 θεοῦ
630 3238 710 3322 υίός.
752 3238 914 3328 ῦπάρχειν
936 3269 973 3312 τε
996 3238 1090 3333 αὐτῷ
1114 3267 1217 3332 φησιν
1233 3244 1297 3333 τὴν
1319 3241 1423 3332 δόξαν
1445 3242 1507 3317 οῦκ
1529 3246 1627 3318 ἄλλο·

320 3356 385 3415 θεν
407 3339 428 3431 ῆ
442 3341 535 3429 παρὰ
550 3347 613 3413 τοῦ
627 3337 770 3428 πατρός·
794 3337 835 3412 οῦ
849 3340 912 3428 γάρ
928 3337 1094 3431 άγένητον
1109 3339 1187 3413 οῦδὲ
1209 3342 1360 3432 ἄναρχον
1382 3341 1459 3417 οῦδὲ
1479 3343 1626 3436 ίδιόκτη·

320 3471 385 3514 τον
407 3443 473 3530 είχε
494 3441 559 3530 τὴν
582 3437 694 3524 δόξαν,
718 3436 805 3511 άλλά
827 3440 919 3528 παρὰ
941 3447 1004 3511 τοῦ
1026 3442 1156 3530 πατρὸς
1178 3443 1303 3526 λαβών.
1346 3436 1365 3513 ό
1388 3443 1429 3534 δῆ
1450 3451 1506 3516 καί
1524 3441 1628 3528 αὐτὸς

267 3559 303 3614 30
320 3549 467 3631 παρίστη
490 3546 602 3629 λέγων
626 3537 753 3628 »πάτερ
775 3536 919 3626 δόξασόν
946 3568 986 3629 με
1012 3548 1055 3630 τῆ
1086 3538 1167 3631 δόξη
1197 3535 1218 3631 ῆ
1251 3542 1341 3631 είχον
1372 3541 1439 3630 πρό
1470 3550 1534 3615 τοῦ
1562 3542 1628 3616 τόν

320 3637 448 3729 κόσμον
471 3641 557 3710 εἶναι
578 3635 670 3726 παρά
692 3663 773 3709 σοιι.
817 3633 859 3709 όν
879 3646 935 3711 καί
957 3637 1127 3729 άμείβεται
1150 3648 1260 3731 λέγων
1282 3637 1300 3713 ό
1322 3643 1435 3732 πατῆρ
1459 3651 1533 3714 »καί
1554 3641 1627 3716 ἐδό-
1647 3657 1682 3712 13

321 3753 404 3826 ξασα
426 3747 482 3810 καὶ
502 3736 607 3810 πάλιν
629 3735 790 3825 δοξάσωι.
825 3745 881 3809 καὶ
903 3742 953 3809 ἔτι
974 3746 1106 3828 μᾶλλον
1127 3741 1192 3830 τῆν
1212 3738 1401 3813 ὑπόστασιν
1422 3738 1529 3814 αὐτοῦ
1550 3766 1628 3814 συν·

320 3849 454 3926 ίστησιν
489 3834 507 3909 ό
544 3834 646 3920 αὐτὸς
680 3834 916 3926 εῦαγγελιστῆς
950 3844 1126 3927 ἐπιφέρων
1159 3837 1333 3931 »Ἰωάννης
1362 3859 1525 3930 μαρτυρεῖ
1551 3850 1627 3931 περί

407 4108 425 4162 2
443 4107 455 4160 Ι
473 4106 542 4161 Τίσι.
560 4109 628 4175 θ,16
645 4137 678 4145 -
698 4107 737 4163 81
753 4108 814 4162 Joh.
833 4110 856 4172 1,
876 4109 916 4164 10.
935 4109 951 4163 9
969 4138 1003 4148 -
1022 4111 1057 4165 ll
1078 4110 1182 4175 Joh.1‚
1201 4114 1285 4165 14-
1309 4111 1625 4177 15J0h.1,14-17

320 4208 390 4263 Phil.
409 4212 433 4275 2,
452 4211 466 4263 7
484 4237 518 4247 -
538 4208 575 4264 18
594 4209 655 4264 Joh.
675 4212 697 4276 1,
717 4213 749 4265 14
766 4238 799 4248 -
818 4209 858 4265 20
876 4210 937 4265 Joh.
956 4213 980 4274 1,
999 4212 1032 4265 14
1049 4241 1082 4250 -
1100 4211 1138 4267 22
1157 4212 1218 4266 Joh.
1237 4213 1303 4280 1,14
1321 4241 1354 4250 -
1373 4211 1412 4267 28
1429 4211 1491 4266 Joh.
1512 4216 1534 4278 1,
1554 4216 1629 4268 14-

321 4312 359 4367 80
377 4311 437 4365 Joh.
456 4312 497 4373 17,
515 4313 531 4365 ὁ
548 4339 582 4348 -
599 4309 636 4365 81
657 4309 719 4365 Joh.
738 4311 778 4375 12,
797 4312 830 4367 28
848 4342 882 4351 -
901 4311 940 4367 88
958 4312 1019 4366 Joh.
1040 4315 1062 4380 1,
1082 4315 1120 4367 15.
1140 4315 1173 4369 16

408 4557 586 4628 ίδννάμεων
604 4573 646 4613 mr
663 4558 826 4629 δυναμένων
839 4562 939 4628 11118
957 4559 974 4615 δ
992 4565 1039 4617 abr.
1057 4563 1092 4617 Κ]
1116 4566 1120 4629 Ι
1146 4565 1184 4620 14
1202 4563 1280 4633 πρίν]
1298 4562 1411 4632 -Ι-ἢιο
1435 4566 1440 4633 Ι
1465 4564 1504 4621 19
1521 4563 1629 4634 θνητὸν

320 4681 349 4716 m
381 4663 386 4730 Ι
418 4661 458 4716 20
476 4655 512 4716 ἄν
532 4660 566 4713 Kl
597 4662 602 4727 Ι
634 4661 674 4717 25
692 4668 829 4733 προεῖπεν
847 4663 879 4729 V,
898 4680 965 4718 corr.
983 4664 1036 4720 We
1067 4669 1072 4733 Ι
1105 4667 1142 4721 27
1164 4663 1239 4736 αὐτῷ
1257 4678 1300 4719 mr
1321 4662 1451 4720 αδτδνίί
