3674 5506
677 495 728 551 Die
745 496 911 567 Fragmenie
928 496 1064 552 Mareelle.
1464 506 1526 568 213

214 662 344 718 παλαιοί·
364 659 428 720 odei
446 662 501 734 γάρ
519 662 660 736 παροιμία
677 660 712 733 ἣν
730 659 766 719 ἂν
783 663 800 734 Ι
817 668 960 734 λεχθεῖσα,
979 660 1038 736 είγε
1055 658 1137 721 τοῦθ’
1155 659 1245 730 οότως
1263 658 1338 736 είχεν
1357 666 1451 733 (τοῦτο
1470 663 1526 736 γάρ

214 744 378 803 ἀκόλουθον
395 740 430 816 ἦν
448 742 481 802 έκ
497 754 554 802 τῶν
573 747 755 819 φαινομένων
768 745 896 820 έννοεῖν),
915 742 975 806 ἀλλ’
994 747 1041 806 έπί
1058 755 1116 805 τῶν
1134 744 1246 814 ἑαυταῖς
1263 748 1338 806 κακά
1356 749 1526 820 προξενούν·

213 851 272 887 των
294 828 427 904 εἰρῆσθαι
448 831 533 888 τοῦτό
556 850 651 903 φασιν.
687 837 774 903 φασίν
800 832 856 907 γάρ
874 834 1001 904 Μήδειαν
1028 830 1058 890 έν
1076 836 1212 909 Κορίνθῳ
1233 834 1270 891 τό
1291 835 1376 891 τέκνα
1395 833 1526 892 ἀποκτεί-

214 933 307 973 νασαν
332 915 516 987 κατακρύψαι
541 920 592 986 τιΙν
617 916 764 991 μάχαιραν
793 918 907 976 αύτόθι·
941 917 1008 982 τούς
1032 917 1063 975 δέ
1089 918 1265 991 Κορινθίους
1293 919 1367 975 κατά
1395 920 1526 992 χρησμόν

181 1001 312 1066 ιἰαύτοῖς
328 999 451 1057 δοθέντα
470 995 538 1072 αἶγα
555 1000 693 1070 μέλαιναν
710 1002 893 1074 ἐναγίζοντας
912 1001 1030 1074 ἀπορεῖν
1047 1006 1205 1074 μαχαίρας,
1228 1006 1278 1072 την
1302 1004 1332 1061 δέ
1356 998 1424 1075 αίγα
1443 1001 1525 1060 σκάλ·

214 1091 320 1142 λουσαν
337 1093 377 1160 τῷ
395 1088 460 1142 ποδί
478 1090 529 1155 τιΙν
545 1088 674 1157 Μηδείας
692 1085 821 1159 ἀνευρεῖν
838 1086 986 1161 μάχαιραν
1002 1090 1050 1143 καί
1069 1086 1140 1158 αύτῇ
1156 1092 1283 1157 τυθῆναι

297 1172 326 1226 τί
342 1170 373 1227 δέ
390 1170 423 1226 τό
436 1173 667 1230 hammon
682 1174 826 1243 σημαίνει;
844 1172 914 1243 φησί
929 1188 983 1237 τις·
1003 1170 1038 1229 ού
1054 1171 1111 1244 γάρ
1124 1172 1244 1228 δυνατόν
1256 1170 1288 1229 ἐκ
1305 1181 1357 1228 τοῦ
1369 1175 1525 1246 προχείρου

213 1252 383 1327 γιγνώσκειν
399 1258 450 1323 τιΙν
468 1257 633 1327 παροιμίαν.
670 1253 699 1313 οἱ
715 1259 835 1313 παλαιοί
840 1299 846 1321 ,
869 1252 910 1322 ῶς
927 1251 1053 1327 ἔφασαν,
1076 1257 1134 1329 πρό
1152 1262 1201 1325 τῆς
1218 1265 1268 1313 τοῦ
1287 1259 1366 1313 σίτου
1383 1258 1526 1330 γεωργίας

213 1344 490 1412 βαλανηφαγοίντες,
509 1338 603 1410 ἐπειδὴ
622 1336 662 1407 ὼς
680 1336 771 1416 ᾤοντο
789 1341 805 1397 ό
823 1342 935 1413 καρπός
953 1333 1037 1406 οὗτος
1054 1334 1173 1411 όστερον
1191 1336 1303 1411 εὑρέθη,
1321 1338 1421 1415 έκείνφ
1438 1359 1524 1416 προσ·

163 1424 198 1478 10
214 1423 327 1494 ἔχοντες
352 1423 403 1479 τόν
429 1434 497 1481 νοῖν
522 1429 572 1483 καί
597 1433 631 1497 τῇ
652 1431 797 1500 μεταβολῇ
819 1428 1043 1499 προσχαίροντες
1070 1427 1166 1480 Am
1180 1426 1311 1482 ΔΡΥΟΣ
1334 1421 1446 1497 ἔλεγον·
1476 1426 1525 1482 καί

213 1518 298 1565 τοῖτο
317 1511 367 1578 τιΙν
385 1512 544 1581 παροιμίαν
562 1505 673 1580 έφασαν
691 1506 771 1569 εἶναι.

298 1585 383 1658 αὖθίς
399 1612 429 1649 τε
449 1587 548 1666 ἑτέρας
565 1597 721 1667 παροιμίας
738 1591 795 1652 ύπό
812 1598 950 1653 πλείστων
962 1601 1020 1651 τῶν
1031 1587 1099 1667 παρ’
1118 1594 1215 1659 αὐτοῖς
1227 1602 1327 1666 σοφῶν
1340 1592 1370 1651 έν
1382 1596 1525 1659 πλείστοις

212 1680 263 1733 καί
278 1679 427 1749 διαφόροις
444 1680 561 1750 βιβλίοις
583 1678 744 1753 εἰρημένης,
770 1680 834 1736 τίνα
860 1683 925 1751 περί
951 1678 1037 1748 αὐτῆς
1060 1677 1239 1752 γεγράφασιν
1257 1677 1285 1736 οί
1301 1679 1353 1745 τάς
1369 1681 1528 1752 παροιμίας

214 1760 386 1836 ἑρμηνεῦσαι
412 1764 602 1835 προελόμενοι
628 1762 785 1836 ἀναγκαῖον
798 1762 842 1821 ·έν
864 1772 904 1837 τῷ
922 1764 1044 1837 παρόντι
1060 1772 1268 1833 μνημονεῦσαι,
1295 1784 1312 1814 ιι
1329 1784 1346 1814 α
1363 1785 1380 1815 α
1410 1757 1472 1821 ἀλλ’
1486 1758 1525 1819 ‘lv'

162 1848 197 1901 15
215 1843 375 1919 έλέγξωμεν
394 1840 538 1918 Ἀστέριον,
556 1851 606 1904 καί
623 1847 682 1905 ἀπό
700 1855 757 1905 τῶν
774 1842 883 1916 έξωθεν
901 1849 988 1905 αἰτόν
1004 1846 1187 1918 μαθημάτων
1210 1846 1305 1905 είδότα
1328 1848 1382 1918 μέν
1400 1847 1526 1922 ἀκριβῶς

214 1931 248 1987 τό
265 1938 315 2000 τῆς
331 1934 489 2002 παροιμίας
508 1929 664 2006 ἐξαίρετον,
691 1932 721 1989 έν
744 1933 774 1991 δέ
797 1940 837 2007 τῷ
853 1934 976 2002 παρόντι
998 1927 1118 2004 ἀγνοιαν
1144 1934 1391 2005 προσποιηθέντα,
1416 1929 1465 1989 ίνα
1492 1934 1525 1987 τό

215 2012 317 2071 ἑαυτοῦ
333 2014 462 2086 βούλημα
481 2015 526 2073 διὰ
543 2024 592 2086 τῆς
609 2026 659 2073 τοί·
676 2014 889 2089 παροιμιῶδους
906 2017 994 2091 ῥητοῦ
1010 2020 1137 2091 χρήσεως
1155 2019 1285 2082 πιθανῶς
1302 2018 1525 2088 κατασκευάζειν

215 2100 289 2169 δόξῃ.
325 2093 400 2157 έστιν
426 2099 456 2157 δέ
482 2101 667 2160 ΓΔΑΥΚΟΥ
691 2104 831 2159 ΤΕΧΝΗ.
866 2102 969 2172 ταύτης
994 2100 1023 2159 οί
1048 2096 1156 2169 ἔξωθεν
1183 2103 1270 2171 σοφοί
1295 2109 1344 2170 τῆς
1370 2104 1525 2176 παροιμίας

215 2183 463 2254 μνημονεύσαντες
480 2185 624 2257 διαφόρως
642 2184 727 2257 αἰτίην
746 2185 927 2259 ἐξηγήσαντο.
963 2186 979 2241 ό
996 2185 1050 2256 μέν
1068 2184 1124 2259 γάρ
1142 2183 1235 2242 αύτῶν
1253 2206 1295 2250 τις
1314 2182 1375 2257 ἔφη,
1393 2186 1524 2244 Γλαῦκόν

164 2269 199 2326 20
215 2289 278 2325 τινα
296 2267 472 2339 ἐπιστήμονα
490 2267 589 2341 τέχνης
600 2269 677 2335 τινός
688 2271 851 2344 γεγονόταΙ
868 2276 982 2328 πολλῶν
995 2263 1083 2326 οὖσαν
1095 2270 1344 2341 θαυμασαυτάτην,
1364 2270 1525 2329 ἀπολέσθαι

216 2349 277 2421 ἅμα
295 2352 394 2428 έκείνφ
411 2353 485 2410 κατά
503 2352 662 2423 θάλατταν,
680 2356 802 2425 μηδενός
820 2375 866 2411 πω
884 2356 1071 2425 διακηκοότος
1088 2354 1181 2424 αύτῆς.
1217 2351 1315 2427 ἕτερος
1337 2355 1379 2423 δέ,
1406 2359 1456 2426 την
1479 2349 1525 2412 ἐπ’

216 2434 307 2510 ἀκρον
324 2445 461 2507 μουσικῆς
484 2435 633 2511 ἐμπειρίαν
659 2444 844 2511 μαρτυρήσας
869 2448 908 2515 τῶ
927 2438 1058 2512 Γλαύκῳ,
1084 2439 1151 2503 τούς
1176 2440 1461 2506 κατασκευασθέντος
1478 2434 1525 2495 ὑπ’

216 2519 303 2577 αύτοῦ
320 2522 433 2586 δίσκους
449 2526 572 2593 χαλκοῦς
590 2542 674 2593 φησιν
692 2523 843 2597 τέσσαρας,
862 2524 934 2597 πρὸς
959 2520 994 2579 τό
1019 2521 1128 2592 ἐμμελῆ
1153 2543 1216 2579 τινα
1242 2530 1291 2592 τῆς
1311 2523 1457 2597 κρούσεως
1474 2529 1525 2593 τὴν

217 2606 383 2676 συμφωνίαν
400 2613 458 2662 τῶν
476 2608 615 2678 φθόγγων
633 2608 795 2666 ἀποτελεῖν·
822 2605 907 2666 ένθεν
924 2627 953 2664 τε
972 2607 1103 2681 εἰρῆσθαι
1120 2611 1171 2678 τιΙν
1189 2610 1354 2682 παροιμίαν.
1390 2604 1477 2673 ἀλλος
1494 2607 1525 2663 δέ

165 2692 198 2747 25
216 2710 258 2755 τις
269 2684 451 2747 Ἄλυαττικῶν
468 2689 663 2762 ἀναθημάτων
681 2696 765 2764 φησίν
784 2691 954 2750 ἀνακεῖσθαι
971 2698 1098 2766 κρατῆρα
1116 2695 1166 2747 καί
1183 2687 1393 2763 ύττοκρατιΙριον
1410 2691 1524 2761 θαυμά-

216 2793 290 2843 σιον,
316 2774 448 2830 Γλαύκου
466 2776 539 2831 Χίου
560 2779 679 2846 ποίημα.
714 2773 812 2849 ἕτερος
834 2776 876 2846 δέ,
902 2779 1033 2833 Γλαῦκον
1056 2775 1142 2832 αὐτόν
1165 2773 1315 2832 ἀναθεῖναι
1338 2774 1378 2841 είς
1396 2775 1524 2847 Δελφούς

216 2861 334 2930 τρίποδα
355 2864 492 2930 χαλκοῖν,
520 2854 593 2916 ούτω
616 2864 860 2933 όημιουργιΙσαντα
882 2863 977 2929 τοῖςΙ
998 2859 1113 2931 παχέως
1135 2880 1165 2917 τε
1186 2858 1378 2932 κρουομένου,
1404 2857 1471 2924 τούς
1493 2878 1523 2915 τε

216 2945 312 3008 πόδας,
340 2936 385 3013 ἐφ’
403 2935 444 2999 ὧν
470 2943 602 3017 βέβηκεν,
628 2949 678 3002 καί
699 2945 733 3002 τό
751 2941 812 3002 ἀνω
829 2946 1029 3016 περικείμενον
1046 2948 1095 3001 καί
1113 2948 1163 3014 τόν
1181 2943 1323 3015 στεφάνην
1340 2947 1391 3014 τὴν
1408 2942 1455 3001 έπί
1473 2953 1524 2999 τοῦ

216 3027 332 3099 λέβητος
348 3030 398 3083 καί
418 3027 468 3093 τάς
485 3025 607 3101 ῥάβδους
624 3029 669 3086 διὰ
685 3029 774 3100 μέσον
785 3027 960 3102 τεταγμένας
972 3028 1152 3101 φθέγγεσθαι
1162 3028 1250 3102 λύρας
1262 3037 1351 3099 φωνῇ.
1379 3031 1429 3086 καί
1441 3020 1525 3093 αύθις

166 3112 200 3166 30
216 3106 320 3185 έτερος,
339 3110 398 3168 ἀπὸ
411 3112 541 3169 Γλαύκου
558 3113 635 3179 τινός
652 3114 787 3182 δόξαντός
800 3135 826 3170 τι
837 3114 925 3171 πλέον
942 3111 1127 3184 πεποιηκέναι
1145 3112 1277 3185 εἰρῆσθαι
1294 3117 1345 3182 τόν
1356 3114 1521 3183 παροιμίαν.

300 3195 382 3272 όρᾷς,
401 3192 479 3261 ὅπως
496 3197 530 3252 τό
547 3198 677 3269 δυσχερές
699 3207 748 3267 τῆς
771 3201 927 3271 παροιμίας
948 3200 997 3254 καὶ
1023 3198 1069 3255 διά
1094 3196 1197 3254 τούτου
1223 3200 1374 3264 δείκνιται,
1400 3194 1445 3253 διά
1471 3206 1523 3252 τοῦ

215 3281 285 3351 μηδὲ
310 3279 357 3338 έπί
383 3288 433 3351 τῆς
458 3281 543 3350 αίτῆς
569 3278 719 3354 ἑρμηνείας
742 3290 839 3351 στῆναι
861 3282 927 3348 τούς
945 3287 995 3351 τίγν
1013 3284 1171 3353 παροιμίαν
1196 3282 1300 3351 ταύτην
1330 3280 1523 3352 ἐξηγήσασθαι

215 3366 414 3439 βουληθέντας.
458 3362 549 3432 οότως
574 3367 740 3443 δυσεύρετόν
768 3388 795 3423 τι
820 3374 939 3441 πρᾶγμα
965 3367 998 3423 τό
1025 3372 1074 3435 τῆς
1101 3368 1258 3439 παροιμίας
1282 3367 1332 3421 καί
1358 3363 1436 3437 παρὰ
1463 3373 1523 3428 τοῖς

217 3444 322 3517 έξωθεν
351 3444 424 3508 εἶναι
451 3455 535 3508 δοκεῖ.
570 3451 614 3507 διό
640 3455 689 3509 καί
712 3471 754 3517 τις
779 3459 836 3508 τῶν
862 3446 930 3521 παρ’
956 3451 1052 3515 αίτοῖς
1079 3456 1177 3521 σοφῶν
1204 3448 1375 3522 συναγαγὼν
1397 3448 1449 3513 τὰς
1466 3444 1523 3503 ύτιό

167 3540 200 3591 35
215 3538 330 3590 πολλῶν
347 3538 396 3591 καί
413 3536 558 3609 διαφόρως
576 3537 725 3606 λεχθείσας
741 3538 904 3609 παροιμίας,
923 3535 963 3600 είς
981 3535 1068 3602 αίτάς
1084 3534 1228 3608 γέγραφεν
1245 3530 1277 3601 έξ
1286 3536 1388 3608 βιβλία,
1407 3532 1456 3590 edo
1469 3533 1522 3603 μέν

216 3624 273 3674 τῶν
291 3617 483 3691 (έμ>μέτρων,
510 3623 568 3675 τῶν
591 3619 620 3675 δὲ
638 3620 769 3692 ἀμέτρων
785 3618 916 3691 τέσσαρα.
952 3619 1055 3685 ταύτας
1081 3619 1112 3677 δὲ
1136 3621 1293 3692 παροιμίας
1320 3616 1477 3689 ὠνόμασαν
1496 3615 1524 3673 οἱ

217 3696 324 3770 ἔξωθεν
341 3697 380 3759 δι’
399 3703 479 3760 οίδέν
497 3699 603 3774 ἕτερον,
622 3703 687 3773 ἐμοί
705 3710 806 3771 δοκεῖν,
824 3699 885 3761 ἀλλ’
901 3703 994 3774 ἐπειδὴ
1013 3712 1075 3769 ταῖς
1091 3712 1142 3760 τοῦ
1161 3701 1330 3773 σοφωτάτου
1347 3706 1523 3773 Σολομῶνος

302 3915 350 3971 37
365 3910 542 3981 ΙέπειδιΙΙ-Β.
554 3916 633 3982 214,
645 3915 670 3968 3
681 3913 812 3983 Ιτρόπον)
824 3916 866 3981 16,
879 3916 992 3968 23—26
1007 3914 1054 3981 νρί.
1068 3914 1135 3967 neele
1149 3914 1188 3979 16,
1202 3915 1238 3966 12
1245 3914 1275 3981 ff.
1293 3912 1370 3981 2177.
1399 3914 1438 3975 17,
1453 3912 1522 3979 mli·

303 4049 317 4103 ί
339 4047 395 4117 vgl.
412 4048 541 4117 Berneys‚
560 4048 744 4120 Theophreeie
762 4049 865 4104 Schrifh
881 4049 949 4104 eber
966 4049 1011 4103 die
1028 4048 1227 4117 Frdmmigkeit
1243 4048 1268 4101 S.
1287 4051 1320 4103 53

302 4200 486 4269 Ηφὴσειῗ
523 4203 526 4267 Ι
564 4196 649 4264 δύος
675 4202 794 4255 zuein?
831 4203 834 4268 Ι
873 4201 911 4256 le
938 4197 1106 4256 eimodV
1139 4203 1143 4269 Ι
1182 4198 1393 4256 lim-*We
1425 4201 1430 4266 Ι
1462 4191 1523 4254 ἀλλ’

217 4271 264 4323 etr.
287 4268 477 4323 Schneidewin
508 4270 514 4337 Ι
542 4262 580 4322 ‘lv’
600 4268 638 4321 Vc
666 4266 700 4337 ἦν
718 4268 758 4321 V*
797 4272 800 4336 Ι
839 4271 876 4325 15
898 4270 956 4337 καί]
975 4268 993 4324 l.
1012 4264 1084 4333 iec‘?
1121 4273 1125 4330 Ι
1162 4267 1274 4347 αἰτῶνὶ)
1298 4266 1487 4321 Schneidewin
1518 4268 1521 4334 Ι

218 4336 253 4391 17
277 4336 498 4405 παροιμιωδῶςλ
520 4335 710 4390 Schneidewin
742 4338 746 4403 Ι
779 4339 819 4392 20
841 4336 981 4407 γεγονότα
1009 4344 1041 4399 -Ι-
1060 4342 1218 4406 ναυαγῆσαι
1239 4329 1313 4389 ίυστε
1332 4334 1385 4389 We
1417 4337 1422 4399 Ι
1454 4338 1522 4389 πολ·

216 4404 283 4473 λῶν]
309 4407 406 4475 πολλῷ
433 4403 623 4458 Schneidewin
650 4404 684 4473 ίΙν
710 4408 824 4459 πολλῶν
850 4404 958 4459 Heindo
1024 4408 1028 4469 Ι
1069 4397 1141 4460 οόσα
1167 4404 1187 4455 V
1230 4405 1234 4471 Ι
1274 4400 1371 4457 ίίκοων
1390 4403 1427 4459 V.
1454 4419 1521 4457 corr.

216 4470 405 4525 Schneidewin
437 4475 442 4538 Ι
475 4473 514 4527 23
538 4471 676 4541 τέσσαρας
696 4494 710 4519 ν
730 4493 744 4518 ι
764 4493 778 4518 ι
798 4474 812 4527 ’ί
830 4472 883 4525 We
909 4474 913 4540 Ι
946 4474 985 4528 ‘25
1004 4470 1207 4533 ἀλνατιῶνλί*,
1226 4488 1292 4526 corr.
1307 4452 1344 4521 ΙΙΙ
1371 4472 1375 4537 Ι
1402 4471 1440 4525 ei
1461 4477 1522 4533 τοῖς

216 4537 327 4608 παχέως
349 4538 389 4608 τεΙ
412 4543 585 4607 θαυμαστῶς
605 4532 680 4594 ὥστε
698 4538 835 4594 Heindorf
858 4546 897 4612 τῷ
914 4537 998 4609 πάχει
1016 4532 1091 4595 ὥστε
1110 4539 1238 4594 Peievius
1280 4548 1282 4603 Ι
1325 4539 1364 4594 28
1390 4537 1441 4593 τόν
1460 4534 1520 4593 ἀνω

215 4608 407 4675 περικείμενοι
426 4606 458 4671 V,
481 4624 548 4663 οοττ.
567 4606 703 4661 Heindorf
736 4610 740 4674 Ι
777 4608 817 4662 θθ
842 4626 869 4662 τι
886 4625 915 4661 m
931 4607 1014 4672 ucV
1050 4609 1056 4674 Ι
1093 4608 1132 4662 θό
1158 4605 1301 4677 γέγραφεν
1320 4601 1350 4671 ἓξ
1367 4604 1408 4660 Ge
1425 4606 1521 4660 Nauck

215 4672 389 4747 γεγραφέναι
406 4674 432 4727 V
464 4676 468 4739 Ι
501 4676 539 4729 θθ
558 4671 706 4745 ἐμμέτρων
722 4692 749 4728 m
782 4679 787 4741 Ι
819 4676 855 4729 ei
882 4670 943 4730 έπεί
961 4673 991 4730 δέ
1010 4675 1033 4727 V
1052 4676 1092 4740 16,
1111 4676 1144 4729 23
