3674 5506
370 478 427 539 172
954 470 1088 527 Eusebius

367 630 530 723 ῦποταγή,
555 629 634 704 τότε
655 640 710 704 καὶ
734 629 837 718 αὐτὸς
859 628 879 705 ὁ
900 631 973 717 υἱὸς
993 630 1245 724 ὑποταγήσεται
1273 639 1323 722 τῷ
1346 627 1557 718 ὑποτάξαντι
1576 627 1663 720 αὐτῷ

366 733 409 804 τά
430 731 554 816 πάντα,
577 737 633 803 ἵνα
655 726 675 822 ᾖ
699 728 718 805 ό
741 731 822 817 θεὸς
843 733 887 805 τὰ
908 731 1023 805 πάντα
1044 738 1082 804 ἐν
1103 739 1235 805 πᾶσινι.
1278 734 1351 803 είτα
1373 737 1518 821 τοῦμὲν
1542 729 1694 802 »πάνταί

366 836 403 904 έν
424 840 545 905 πάσινι
571 829 633 904 οῦκ
655 829 781 904 άκοῦει
805 829 847 905 οῦ
868 830 930 922 γάρ
951 836 989 903 ἐν
1011 839 1062 921 τῷ
1084 836 1148 923 υἱῷ
1171 856 1275 920 φησιν
1300 830 1362 903 »τό
1383 828 1515 902 πόνται
1540 834 1665 901 ἔσεσθαι

366 931 546 1018 τὸνθεόν,
569 927 642 1004 ἀλλ’
669 937 724 1003 »έν
745 938 882 1004 πᾶσινι·
921 925 1004 1018 ὅπερ
1025 938 1159 1022 μᾶλλον
1185 936 1300 1019 ἔδοξεν
1327 928 1370 1002 όν
1392 926 1575 1018 συνάφειάν
1596 957 1667 1000 τινα

332 1031 509 1104 ὅπάντων
538 1038 593 1103 καὶ
625 1032 749 1104 ἕνωσιν
779 1037 966 1123 σημαίνειν,
997 1034 1026 1103 εί
1054 1030 1169 1104 πάντα
1199 1025 1369 1122 μέλλοι
1350 1061 1369 1102 ο
1397 1028 1479 1111 θεὸς
1504 1033 1541 1100 έν
1569 1034 1667 1101 πᾶσιν

366 1134 460 1204 ε.ίναι
503 1127 667 1220 τήνδ’
646 1131 825 1221 υποταγήν
846 1160 910 1203 του
895 1135 1004 1203 ὐίοῦ
1026 1132 1148 1203 ἕνωσιν
1171 1128 1344 1258 έρμηνεῦει
1365 1136 1429 1203 τοῦ
1450 1126 1567 1217 λόγου,
1598 1139 1602 1212 Ι
1633 1129 1735 1202 ἓν184

365 1241 421 1303 καὶ
443 1227 572 1302 ταῦτόν
593 1238 819 1320 γενησομένου
839 1239 892 1322 τῷ
907 1239 1010 1319 πατρὶ
1025 1227 1104 1302 καθ’
1128 1228 1150 1301 ά
1172 1238 1225 1302 καὶ
1240 1226 1411 1352 πρότερον
1432 1220 1486 1318 ήν,
1509 1259 1556 1311 ως
1570 1224 1666 1310 αῦτὸς

366 1335 440 1420 ἔφη.
483 1336 512 1402 εί
535 1338 651 1402 τοίνυν
674 1332 797 1402 ἕνωσιν
822 1330 974 1403 εἶναι
936 1358 1001 1420 την
1030 1328 1209 1421 ῦποταγήν
1238 1329 1303 1418 τήν
1332 1327 1420 1450 πρὸς
1451 1325 1515 1399 τόν
1544 1332 1696 1448 πατέρα3

367 1425 523 1519 ὁρίζεται,
546 1425 778 1501 ἀκόλουθον
767 1427 810 1501 άν
825 1435 876 1520 εἴη
897 1438 953 1501 καὶ
975 1429 1040 1520 τήν
1061 1427 1208 1502 πάντων
1229 1457 1315 1519 προς
1329 1428 1394 1500 τὸν
1408 1423 1521 1501 υίὸν“
1500 1425 1667 1514 υποταγήν

316 1547 348 1602 10
367 1529 431 1619 τήν
452 1526 561 1617 αῦτήν
581 1528 669 1617 πρὸς
690 1526 797 1603 αὐτὸν
820 1531 942 1601 ένωσιν
968 1539 1153 1619 σημαίνειν,
1185 1528 1233 1614 τάς
1263 1524 1378 1618 μηκέτ’
1402 1530 1486 1599 εἶναι
1518 1524 1579 1598 τὸν
1599 1524 1668 1596 υίόν

366 1627 446 1701 καθ’
468 1627 592 1701 ἑαυτὸν
612 1635 693 1719 μηδὲ
725 1629 768 1701 τό
797 1626 1078 1720 ῦποταγησόμενα
1104 1626 1198 1719 αῦτῷ
1225 1627 1344 1719 πλήθη
1373 1634 1447 1699 τῶν
1472 1633 1670 1717 σῳζομένων

366 1736 456 1801 ἰδίαν
478 1726 635 1820 ζήσεσθαι
659 1725 761 1818 ζωήν,
784 1728 997 1819 συναλοιφὴν
1012 1735 1050 1801 δέ
1063 1758 1140 1801 τινα
1154 1738 1210 1800 καὶ
1232 1728 1388 1819 σύγχυσιν
1406 1736 1581 1817 γίγνεσθαι
1603 1731 1670 1796 τοῦν

366 1825 475 1914 ὅλων,
506 1832 542 1900 ἓν
568 1836 625 1899 καὶ
651 1825 781 1901 ταῦτὸν
802 1835 1039 1918 γενησομένων
1061 1836 1123 1900 τοῦ
1144 1833 1220 1902 υίοῦ
1240 1837 1296 1899 καὶ
1318 1835 1391 1900 τῶν
1414 1834 1550 1900 λοιπῶν
1571 1822 1668 1897 άπάν·

366 1957 449 2015 των,
471 1938 528 2001 καὶ
550 1925 591 2001 οῦ
612 1927 722 2018 μόνον
744 1925 832 2001 άλλὰ
852 1936 908 1999 καὶ
930 1924 1038 2000 αῦτοῦ
1059 1934 1122 2000 τοῦ
1143 1935 1236 2002 θεοῦ.
1279 1931 1307 2000 εί
1328 1928 1392 2017 γὰρ
1413 1925 1456 1998 τά
1478 1933 1542 2016 μέν
1562 1923 1698 1998 πόντοι

316 2046 348 2097 15
367 2037 417 2120 τῷ
439 2033 518 2121 υἱῷ,
540 2023 560 2099 ό
583 2035 618 2100 δὲ
639 2027 712 2110 υίὸς
733 2036 784 2119 τῷ
806 2035 911 2118 πατρὶ
933 2033 990 2102 88’
1017 2031 1055 2098 ἐν
1077 2035 1128 2117 τῷ
1149 2024 1407 2101 ὑποτάττεσθαι
1429 2029 1580 2110 ἑνοῦται,
1611 2018 1669 2114 ῦρα

368 2138 401 2201 τί
423 2133 593 2219 συμβαίνει
619 2131 657 2198 ἐκ
687 2132 750 2198 τοῦ
781 2123 893 2217 λόγου.
935 2123 1009 2200 ἀλλ’
1042 2124 1156 2217 ὥσπερ
1187 2125 1248 2217 οῦχ
1278 2130 1401 2199 ἕνωσιν
1431 2123 1451 2199 δ
1480 2123 1697 2206 άπόστολοςυ

366 2225 488 2318 ἐδήλου
518 2234 630 2316 λέγων
660 2222 937 2316 ῦποταγήσεσθαι
968 2233 1018 2317 τῷ
1051 2230 1114 2315 υἱῷ
1146 2226 1208 2298 »τὰ
1238 2225 1386 2312 πόντοι,
1422 2224 1512 2299 άλλό
1548 2225 1610 2315 τήν
1637 2229 1669 2310 ἐξ

366 2325 589 2399 αῦθειιουσίου
609 2331 837 2415 προαιρέσεως
859 2322 1016 2416 ῦπαιιοήν
1045 2334 1102 2397 καὶ
1129 2326 1193 2416 τὴν
1219 2323 1323 2412 δόξαν
1344 2332 1399 2397 καὶ
1421 2326 1487 2416 τήν
1511 2324 1609 2415 τιμήν
1628 2320 1668 2412 ήν

366 2423 539 2499 άποδιόσει
561 2422 654 2516 αάτῷ
678 2424 722 2497 τά
743 2422 858 2497 πάντα
884 2426 939 2498 οία
965 2432 1096 2546 σωτῆρι
1127 2432 1182 2496 καὶ
1212 2434 1341 2510 βασιλεῖ
1367 2433 1442 2497 τῶν
1472 2419 1580 2508 ὅλων,
1611 2422 1669 2494 τόν

314 2544 348 2599 20
366 2523 472 2597 αὐτὸν
494 2523 702 2616 τρόπονκαὶ
726 2524 767 2597 τὸ
791 2521 898 2598 αῦτὸν
919 2522 1194 2614 ῦποταγήσεσθαι
1220 2532 1271 2614 τῷ
1298 2531 1403 2613 πατρὶ
1429 2522 1531 2598 οῦδὲν
1559 2526 1668 2610 έτερον

365 2623 572 2717 σημαίνοι
553 2656 596 2698 αν
625 2621 647 2715 ή
674 2624 738 2715 τήν
760 2622 863 2712 δόξαν
883 2633 939 2697 καὶ
960 2624 1025 2714 τήν
1048 2623 1149 2715 τιμήν
1170 2632 1226 2696 καί
1247 2624 1288 2696 τὸ
1311 2631 1408 2708 σέβας
1430 2622 1497 2714 τήν
1522 2652 1560 2695 τε
1579 2650 1669 2711 μέγα·

365 2733 572 2814 λοπρέπειαν
603 2723 667 2815 τήν
694 2754 731 2796 τε
753 2722 978 2796 αῦθειιοῦσιον
1008 2720 1180 2814 ῦπαιιοήν,
1210 2722 1255 2815 ἢν
1284 2734 1340 2796 καὶ
1370 2722 1473 2807 αῦτὸς
1505 2721 1669 2796 άποδάοει

368 2833 438 2916 »τῷ
462 2833 534 2914 θεῷ
556 2830 612 2896 καὶ
634 2834 768 2912 πατρία,
790 2822 928 2896 ἐπειδάν
950 2826 1030 2908 τοῦς
1052 2821 1185 2907 πάντας
1207 2822 1320 2911 άξίους
1342 2829 1403 2913 τῆς
1417 2818 1668 2913 πατρικήςθεό-

366 2954 472 3014 τητος
503 2897 587 2995 εἶναι
610 2922 855 3046 παρασκεράση.
898 2929 983 3005 τέως
1013 2930 1074 3013 μὲν
1101 2922 1182 3013 γάρ,
1206 2921 1254 3006 οῦς
1276 2917 1334 2995 ότε
1355 2920 1418 2994 οῦκ
1439 2923 1530 3010 ἄξιοι
1551 2920 1697 3008 ταῦτης6

315 3041 348 3095 25
365 3031 459 3109 εἰσίν,
491 3025 677 3112 προλαβὼν
699 3020 803 3105 αῦτὸς
825 3021 879 3095 οἶά
902 3052 953 3106 τις
974 3023 1091 3105 κοινὸς
1113 3020 1282 3095 άπόντων
1304 3023 1419 3114 σωτήρ
1441 3020 1668 3112 διορθωτικήν

365 3130 441 3195 τοῦν
463 3120 598 3195 άτελιῦν
624 3131 680 3194 καὶ
694 3121 957 3243 ,θεραπευτικήν
988 3129 1061 3195 τῶν
1092 3131 1274 3246 θεραπείας
1303 3129 1489 3245 δεομένων
1506 3126 1670 3208 βασιλείαν

364 3222 530 3309 βασιλεύει
561 3222 642 3306 τοῦς
668 3229 730 3312 τῆς
756 3229 923 3308 βασιλείας
948 3222 1092 3312 έχθροῦς
1118 3220 1261 3312 ῦπάγων
1287 3241 1359 3307 τοῖς
1382 3218 1489 3295 αῦτου
1473 3229 1621 3293 ”·ποσίν
1652 3210 1669 3287 ῦ

366 3322 407 3444 δή
434 3317 682 3412 παρίστησιν
663 3351 682 3394 ο
705 3317 849 3409 ωόσιιων
877 3319 1012 3412 Ψολμὸς
1045 3317 1207 3394 »εἶπεν
1188 3351 1206 3393 ο
1233 3321 1349 3411 κῦριος
1379 3328 1431 3413 τῷ
1462 3329 1570 3411 κυρίῳ
1599 3339 1669 3410 μου

366 3421 514 3495 κόθουέ
515 3451 536 3491 κ
558 3428 680 3508 δεξιῶν
699 3449 765 3510 μου
792 3418 903 3503 ἕως
883 3449 927 3492 αν
947 3427 1005 3493 θω
1027 3421 1109 3504 τοῦς
1130 3420 1274 3511 ἐχθρούς
1300 3445 1362 3494 σου
1386 3418 1581 3493 ῦποπόδιον
1602 3425 1669 3490 τῶν

314 3536 348 3589 30
364 3528 486 3595 ποδιῦν
501 3546 592 3605 σουι,
612 3514 672 3592 ὅτε
691 3526 760 3610 <δε>
775 3519 857 3603 τοῦς
877 3525 938 3609 μὲν
959 3522 1102 3609 έχθροῦς
1116 3518 1184 3593 ῦπὸ
1206 3518 1315 3604 πόδας
1336 3518 1444 3611 θήσει,
1468 3521 1549 3605 τοῦς
1564 3525 1598 3591 δὲ
1613 3523 1668 3606 τῆς
1684 3544 1697 3596 7

366 3620 472 3694 αὐτοῦ
501 3628 667 3705 βασιλείας
699 3617 810 3707 άξίους
837 3624 874 3691 ἐν
902 3616 1119 3711 άτελευτήτηο
1141 3629 1212 3710 ζωῇ
1240 3619 1456 3711 καταστήσει,
1489 3624 1668 3711 τηνικαῦτα

366 3721 451 3842 [γάρ]
472 3715 573 3791 παὶε
554 3751 573 3792 ο
595 3717 739 3792 πάντων
762 3717 884 3809 ἐχθρός
905 3717 1060 3802 θάνατος
1085 3722 1258 3810 ιέσχατοςι
1283 3720 1590 3811 καταργηθήσεται
1614 3743 1669 3806 μη·

366 3820 462 3903 δενός
484 3819 548 3910 γάρ
570 3818 828 3908 θνήσκοντος”
813 3848 876 3903 ετι,
906 3823 945 3890 έν
971 3825 1102 3910 αἰωνίῳ
1129 3825 1165 3891 δὲ
1187 3828 1257 3908 ζωη
1281 3828 1477 3910 ζησομένων
1499 3816 1578 3892 τότε
1600 3821 1668 3886 τῶν

366 3928 427 4011 τῆς
448 3929 616 4007 βασιλείας
640 3916 754 4043 ἀξίων,
777 3917 841 3990 τὸν
862 3914 1019 3990 θάνατον
1040 3916 1198 4009 άργήσειν
1219 3918 1309 4003 εἰκὸς
1328 3917 1445 4039 μηκέτ’
1472 3924 1594 4009 ἔχοντα
1614 3909 1668 3995 οῦς

314 4035 347 4089 35
366 4019 608 4093 θανατώσειεν.
653 4048 705 4089 ων
732 4010 799 4089 ιῦδε
825 4015 1121 4106 εὐτρεπισθέντων
1147 4027 1198 4110 τῷ
1225 4022 1289 4108 υίῷ
1311 4026 1374 4092 τοῦ
1396 4026 1482 4094 θεοῦ
1503 4013 1697 4105 σωτήριον8

452 4241 492 4297 21
506 4242 518 4294 I
535 4239 599 4294 Kor.
619 4242 660 4308 15,
678 4241 711 4296 28
729 4269 761 4277 -
781 4238 821 4294 Η
835 4239 891 4308 vgl.
908 4239 955 4293 Nr.
974 4240 1024 4295 108
1041 4270 1075 4279 -
1094 4241 1130 4296 17
1151 4242 1163 4294 l
1181 4240 1245 4297 Kor.
1264 4245 1305 4310 15,
1324 4244 1358 4299 28
1374 4272 1408 4281 -
1426 4243 1466 4299 28
1484 4241 1497 4295 Ι
1515 4237 1668 4302 Kor.15,24

365 4372 397 4381 —-
418 4343 457 4399 28
475 4341 518 4396 Ρε.
538 4344 595 4405 109,
615 4344 628 4395 1
648 4372 681 4381 -
700 4341 739 4398 82
758 4341 770 4393 1
788 4342 854 4396 Kor.
873 4343 913 4403 15,
931 4342 965 4396 26

452 4543 489 4599 10
514 4544 565 4612 την
583 4542 680 4612 αὐτὴν]
707 4541 863 4611 τοιαῦτηνθ
880 4543 939 4609 Μο;
966 4546 1013 4599 etr.
1032 4540 1142 4613 αῦτὴνθ
1167 4544 1220 4599 We
1253 4545 1257 4612 Ι
1288 4543 1328 4601 24
1352 4538 1392 4609 ὥς
1417 4538 1476 4612 ὅτε]
1503 4538 1585 4606 εἰδὼς
1609 4532 1668 4595 Su?

367 4644 418 4699 We
455 4647 458 4711 Ι
492 4644 531 4699 θθ
557 4644 587 4700 δέ
604 4643 686 4699 Loofs
717 4644 722 4711 Ι
757 4645 795 4700 82
814 4640 871 4716 γάρ
890 4647 939 4699 stt.
956 4644 993 4699 1ss
1011 4646 1079 4717 (ng.
1097 4645 1154 4714 Mo)
1187 4649 1191 4714 1
1224 4641 1357 4717 ἕχθρῶνθ
1374 4644 1420 4698 Mo
