3728 5508
716 439 813 492 eontra
829 437 991 494 Marcellum
1008 438 1021 491 I
1037 443 1062 491 4.
1496 445 1536 509 23

284 590 364 683 ἦκει
384 602 506 686 λέγειν,
529 591 584 669 ότι
605 597 683 688 άρτι
704 605 779 671 τῶν
799 600 889 671 κατά
910 608 1118 689 φιλοσοφίαν
1139 596 1291 682 άπυστάς
1311 597 1536 690 μαθημάτων,

283 703 345 766 καί
377 715 448 780 τοῖς
479 705 587 781 θείοις
618 693 774 789 ὁμιλῆσαι
804 697 1033 789 προελόμενος
1060 698 1175 788 λόγοις
1196 699 1265 788 πρὸ
1288 706 1349 789 τῆς
1380 694 1537 787 ἀκριβοῦς

284 801 365 865 τῶν
385 806 529 886 γραφῶν
550 796 787 888 καταλήψεως,
810 798 864 872 διὰ
880 796 921 871 τό
935 798 1027 871 πολῦ
1040 806 1096 870 καί
1118 794 1302 889 φιλότιμον
1324 805 1385 888 τῆς
1407 803 1538 887 ἔξωθεν

282 895 494 980 παιδεύσεως
508 904 644 971 θᾶττον
665 905 729 972 τοῦ
750 904 889 981 δέοντας
912 896 1097 988 ἀρξάμενος
1119 895 1355 990 [ῦποίγράφειν
1378 896 1446 971 ῦπό
1462 907 1537 971 τῶν

283 1001 351 1084 τῆς
376 1006 581 1085 φιλοσοφίας
605 996 768 1088 παρήχθη
799 995 929 1088 λόγων,
955 1006 1012 1071 καί
1033 1029 1111 1071 τινα
1132 996 1174 1069 δι’
1197 995 1322 1082 αῦτοῦς
1352 997 1393 1072 οὗ
1422 1007 1537 1083 καλῶς

281 1100 462 1185 γέγραφεν.
498 1103 605 1186 δῆλον
619 1102 667 1169 δέ·
689 1101 740 1169 ἔτι
754 1098 817 1188 γάρ
832 1107 906 1171 τῶν
920 1096 1109 1182 Πλάτωνος
1122 1104 1330 1189 μεμνημένος
1345 1097 1535 1190 δογμάτων,

280 1201 418 1285 καὶτῆς
433 1193 730 1287 τῶνάργιῦνπαρ)
746 1194 840 1290 αῦτηῦ
862 1204 1038 1289 διαφορᾶς,
1060 1206 1171 1269 ΠΕΡΙ
1186 1205 1352 1269 ΑΡΧΩΝ
1369 1205 1536 1289 γέγραφεν
1553 1213 1586 1268 26

279 1302 425 1379 βιβλίον,
448 1303 502 1365 καὶ
518 1294 650 1386 ταύτην
672 1304 723 1388 τῷ
747 1294 976 1388 συγγράμματι
991 1298 1057 1388 τὴν
1071 1299 1264 1389 ἐπιγραφὴν
1279 1303 1389 1371 ἔθετο.
1420 1305 1536 1389 δεῖγμα

281 1398 320 1464 δὲ
336 1394 465 1467 τούτου
478 1402 637 1485 μέγιστον
658 1395 700 1468 τὸ
721 1402 803 1488 μηδὲ
818 1396 970 1469 άλλοθέν
984 1408 1097 1470 ποθεν
1119 1397 1184 1483 τὴν
1198 1396 1305 1489 άρχην
1320 1406 1394 1471 τοῦν
1409 1406 1536 1487 λέξεων

281 1490 394 1566 αῦτδν
415 1491 437 1585 ἢ
458 1495 523 1585 τὴν
545 1496 737 1585 ἐπιγραφὴν
767 1503 831 1569 τοῦ
860 1506 991 1582 βιβλίου
1020 1495 1242 1587 ποιήσασθαι,
1274 1495 1347 1572 ἀλλ’
1370 1496 1439 1572 άπὸ
1463 1506 1536 1571 τῶν

280 1590 448 1666 Πλάτωνι
479 1602 678 1684 λεχθέντων
708 1593 883 1685 ῥημάτων·
912 1602 1081 1687 γέγραφεν
1108 1596 1172 1686 γάρ
1202 1594 1388 1687 ἀρχόμενος
1409 1593 1534 1683 οῦτως·

279 1696 321 1764 σί
343 1693 658 1779 πεπιστευκότες
679 1702 744 1767 καί
764 1702 1038 1785 πεπεισμένοι,
1066 1703 1171 1769 τοῦτο
1194 1697 1269 1787 <τό>
1291 1697 1397 1787 ῥητὸν
1419 1692 1532 1784 οῦτως
1551 1710 1586 1766 26

279 1799 460 1883 εἰρημένον
480 1789 591 1883 εῦρσις
612 1792 655 1868 άν
676 1799 714 1866 έν
734 1800 788 1885 τῷ
811 1803 936 1887 Γοργίᾳ
958 1794 1153 1880 Πλάτωνος.

214 1884 290 1962 οὔτ’
316 1898 347 1963 εί
372 1897 525 1981 ἐφέρετο,
556 1891 697 1984 ἤνεγκεν
727 1892 771 1965 διν
801 1895 962 1987 διαβολὴν
987 1893 1145 1984 Ὦριγένει
1172 1895 1290 1986 φάντι·
1329 1901 1366 1969 σί
1395 1922 1531 1969 πεπισ-

166 2013 197 2064 15
214 1990 412 2078 τευκότες
440 1990 482 2083 [ἢ]
517 2002 581 2066 καί
611 2000 885 2085 πεπεισμένοι,
907 2002 963 2067 καί
985 1993 1176 2084 συνάφαντι
1198 1999 1284 2087 ἑξῆς·
1315 1995 1390 2086 τὴν
1416 1994 1531 2087 χάριν

213 2099 281 2163 καὶ
307 2092 382 2182 τὴν
403 2091 600 2183 ἀληθειαν
624 2092 709 2166 »διά
730 2090 854 2182 Ἰησοῦ
869 2101 1066 2183 Χριστοῦι
1094 2102 1304 2185 γεγονέναι
1326 2103 1390 2168 καί
1413 2103 1531 2186 Χρισ-

214 2191 291 2263 τὸν
333 2194 435 2265 είναι
474 2193 547 2284 τὴν
585 2190 785 2283 άλῆθειαν
822 2196 921 2267 κατὰ
961 2195 1006 2268 τό
1045 2198 1257 2286 είρημένον
1292 2191 1358 2268 ὑπ’
1395 2192 1531 2268 αῦταῦ·

218 2292 320 2382 »ἐγώ
351 2296 429 2383 είμι
459 2290 480 2382 ἡ
513 2290 717 2383 άληθειαι.
758 2302 842 2366 ποία
872 2295 934 2384 γὰρ
964 2293 1051 2384 πρὸς
1081 2301 1190 2367 ταῦτα
1219 2303 1385 2367 κοινωνία
1406 2291 1531 2385 γένοιτ’

215 2391 259 2464 ἄν
292 2422 381 2465 ποτε
410 2391 587 2479 Πλάτωνα·
618 2390 716 2466 οῦδὲν
742 2391 932 2478 Πλάτωνος
964 2402 1076 2466 ΠΕΡΙ
1097 2401 1262 2465 ΑΡΧΩΝ
1285 2395 1531 2485 μνημονεύεται
1549 2405 1583 2460 27

164 2508 198 2562 20
213 2501 364 2579 βιβλίον,
399 2489 476 2564 οῦδὲ
506 2491 675 2582 Ὡριγένης
705 2488 832 2583 δμοίως
862 2501 940 2585 περὶ
970 2490 1085 2584 άρχιῦν
1114 2491 1271 2582 ἐδόξασεν
1300 2491 1478 2580 Πλάτωνι,
1510 2490 1530 2567 ό

214 2601 297 2681 μίαν
319 2591 429 2683 μόνην
451 2593 516 2683 τὴν
534 2590 701 2683 άγένητον
724 2603 780 2665 καὶ
795 2593 945 2682 άναρχον
966 2602 1022 2666 καί
1044 2597 1198 2666 ἐπέκεινα
1219 2601 1294 2665 τῶν
1315 2586 1412 2666 όλων
1432 2596 1530 2676 είδώς

214 2688 336 2783 α’ρχὴν,
360 2690 489 2782 ταύτην
510 2721 548 2764 τε
570 2695 655 2765 είναι
669 2700 800 2781 πατέρα
819 2693 896 2778 ἑνὸς
909 2700 1114 2784 μονογενοῦς
1135 2696 1219 2779 υίοῦ,
1241 2688 1283 2764 δι’
1300 2684 1340 2766 οῦ
1356 2693 1400 2764 τὰ
1414 2692 1529 2766 πάντα

214 2798 364 2881 γέγονεν.
407 2787 426 2862 ό
454 2799 566 2863 δὲκαὶ
588 2796 625 2864 έν
647 2792 785 2875 τούτοις
805 2790 992 2884 Ὦριγένους
1014 2790 1311 2883 καταψευσάμενος
1332 2787 1409 2884 μεθ’
1431 2793 1529 2882 ἕτερα

213 2899 424 2979 προστίθησι
446 2899 557 2981 λέγων
1546 2902 1580 2955 ‘28

165 3014 197 3069 25
279 2993 349 3077 (Nr.
367 2995 417 3077 15)
438 2986 608 3079 Ἀστερίου
629 2991 691 3082 γάρ
709 2989 885 3083 είρηιιότος
905 2991 982 3081 πρό
1005 3001 1087 3066 τῶν
1109 2994 1268 3067 αίιόνων
1290 2998 1529 3082 γεγενῆσθαι

280 3090 355 3162 τόν
376 3088 512 3179 λόγον,
535 3088 620 3164 αῦτό
640 3091 680 3163 τό
704 3092 811 3182 ῥητὸν
834 3091 942 3165 αὐτόν
963 3098 1087 3182 ἐλέγχει
1112 3090 1335 3183 ψευδόμενον·
1370 3090 1459 3164 ὥστε
1483 3092 1528 3182 μὴ

279 3188 389 3279 μόνον
411 3186 517 3262 αὐτὸν
540 3198 603 3263 τοῦ
623 3189 831 3281 πράγματος,
853 3190 941 3265 άλλά
962 3199 1018 3264 καί
1034 3198 1096 3265 τοῦ
1111 3190 1303 3284 γράμματος
1324 3199 1528 3280 διαμαρτεῖν.

281 3293 310 3362 εί
333 3290 396 3380 γάρ
425 3291 510 3376 »πρὸ
534 3297 597 3362 τοῦ
619 3297 745 3375 αίῶνος
766 3297 992 3382 έθεμελίωσέν
1019 3321 1076 3381 μει
1102 3298 1206 3380 φησίν
1227 3296 1283 3366 37*
1310 3287 1528 3381 ἧΠαροιμία,

282 3397 359 3473 ποῦς
384 3386 488 3474 αὐτὸς
509 3398 750 3481 γεγενῆσθαι
776 3387 899 3463 αὐτὸν
924 3390 1000 3482 πρὸ
1024 3400 1107 3465 τῶν
1128 3391 1289 3463 αίοόνων
1310 3392 1391 3480 ίφη,·
1413 3392 1530 3479 ἕτερον

279 3489 342 3578 γὰρ
371 3488 438 3580 πρὸ
469 3497 532 3562 τοῦ
552 3497 680 3574 αἰῶνος
702 3499 971 3581 τεθεμελιωσθαι
999 3487 1116 3575 αὐτόν,
1143 3497 1199 3563 καὶ
1222 3492 1338 3581 ἕτερον
1359 3489 1427 3580 πρὸ
1455 3497 1529 3562 τῶν

280 3589 420 3662 αίιόνων
440 3596 648 3680 γεγενῆσθαι.

303 3761 341 3816 12
359 3759 491 3832 Origenes
508 3762 543 3817 do
554 3761 640 3833 princ.
651 3763 664 3816 I
676 3763 767 3833 praefi:
786 3779 881 3818 omnes
899 3763 948 3833 qui
965 3761 1081 3817 credunt
1098 3764 1127 3816 et
1143 3761 1212 3817 verti
1229 3763 1294 3815 sunt
1305 3760 1379 3830 quod
1397 3763 1426 3814 εί
1437 3759 1528 3830 gratia

215 3864 245 3918 et
262 3862 364 3917 ueritas
382 3878 431 3933 per
450 3862 539 3918 Iesum
557 3862 696 3919 ehzistum
712 3863 788 3919 faeta
804 3864 852 3929 sit,
875 3866 904 3919 εί
921 3863 1060 3918 Οίιιίιίιιιιι
1076 3863 1222 3918 υοτίίείεω
1239 3879 1297 3917 ense
1314 3864 1416 3917 norunt
1433 3878 1527 3916 secun·

216 3964 283 4019 dum
305 3963 379 4033 quod
400 3964 457 4036 ipse
475 3963 557 4020 dixit:
583 3981 653 4036 „ego
676 3982 738 4020 sum
754 3966 873 4021 uerita&
895 3968 947 4021 σία.
965 3994 999 4005 -
1023 3965 1062 4021 14
1079 3963 1181 4019 Platon
1199 3964 1283 4034 Gorg.
1300 3967 1351 4019 454
1368 3962 1429 4017 DE:
1455 3959 1526 4019 ἀλλὰ

214 4067 272 4134 μην
290 4059 362 4123 δι’τέ
373 4084 405 4135 γε
418 4066 620 4135 μεμαθηκότες
635 4066 820 4136 πεπεισμένοι
837 4065 892 4123 είσί
908 4067 958 4122 καί
975 4063 1003 4123 σί
1019 4064 1245 4129 πεπιστευκότες.
1280 4065 1356 4119 Zahn
1373 4064 1527 4134 vergleicht

215 4166 287 4221 noch
311 4168 338 4220 ΙΙ
355 4167 425 4225 Tim.
444 4171 467 4232 1,
487 4169 532 4231 12;
555 4168 653 4222 Justin.
672 4168 753 4240 Apol.
771 4169 790 4233 1,
808 4170 833 4235 8,
852 4170 868 4224 3
886 4185 912 4223 u„
931 4172 968 4234 δη
991 4166 1076 4222 Clem.
1093 4167 1172 4222 Alex.
1191 4166 1290 4221 Strom.
1309 4166 1342 4230 V,
1355 4166 1388 4221 85
1406 4194 1440 4205 -
1458 4165 1529 4221 14ss

215 4268 271 4339 χχΙ.
290 4280 324 4325 ια
341 4268 373 4326 Ζ.
391 4272 473 4327 13-
492 4271 530 4327 16
548 4269 611 4325 Joh.
630 4273 653 4337 1,
673 4272 704 4324 17
722 4299 756 4310 -
775 4270 815 4327 18
831 4269 893 4325 Joh.
913 4272 952 4333 14,
970 4270 988 4324 δ
1005 4297 1039 4309 -
1055 4267 1095 4324 22
1114 4267 1175 4322 ίοίι
1195 4271 1218 4331 1,
1236 4270 1253 4322 3

299 4420 320 4476 4
337 4421 460 4491 γράφειν
478 4421 518 4475 Re
542 4422 546 4488 Ι
573 4423 592 4477 θ
611 4427 695 4476 τοῦτο
714 4419 747 4488 V,
765 4436 834 4476 corr.
846 4418 886 4474 Re
909 4421 914 4487 Ι
940 4420 977 4475 12
1005 4414 1222 4485 πεπιστευμένοι
1239 4415 1272 4480 V,
1290 4433 1358 4471 corr.
1375 4417 1451 4471 Zahn
1470 4415 1524 4486 vgl.

216 4521 317 4578 Platon
335 4541 360 4577 u.
371 4521 445 4592 Orig.
470 4524 474 4590 Ι
499 4519 531 4577 τό
550 4540 578 4576 m
601 4526 606 4589 Ι
631 4521 669 4577 15
687 4519 706 4590 δ
723 4525 770 4577 είι.
783 4521 820 4576 Kl
833 4522 887 4592 νηί.
906 4522 980 4577 212
997 4539 1023 4577 ιι
1042 4519 1120 4590 Orig.
1143 4520 1148 4587 Ι
1171 4516 1391 4586 πεπιστευμένοι
1410 4517 1444 4585 V,
1468 4515 1524 4587 νηί.

216 4645 250 4682 ιιι
266 4624 292 4677 Ζ.
312 4628 344 4679 13
368 4628 372 4693 Ι
396 4623 437 4681 3⁰
455 4617 541 4689 αὐτὸς
559 4641 598 4683 ιιι,
617 4617 689 4679 αίτδ
709 4621 734 4677 V
