3698 5510
597 489 632 545 de
650 487 836 544 ecclesiastica
852 487 996 558 theologia
1013 488 1051 542 ΙΙΙ
1067 490 1093 544 3.
1448 495 1506 556 147

252 658 321 741 (Νι.
347 659 418 740 113)
440 647 567 724 ούκοῦν
589 647 683 724 τοῦτ’
707 649 863 723 ἐστιντὸ
900 649 1034 740 »κύριος
1065 655 1195 723 ἐκτισέν
1220 679 1260 742 με
1281 648 1388 742 ἀρχὴν
1410 647 1503 724 όδῶν

254 750 360 825 αύτοῦ
380 758 426 836 εἰς
448 753 529 842 ἔργα
551 747 684 824 αύτοῦι.

189 862 245 926 καὶ
269 861 376 924 ταῦτα
398 857 434 923 δέ
465 853 625 940 ἐγραφεν,
657 848 698 923 ού
729 856 886 941 δυνηθείς
919 849 1000 933 τοῦς
1031 855 1091 939 τῆς
1121 856 1270 934 διανοίας
1300 845 1502 938 ὀφθαλμούς
1538 868 1555 921 8

193 960 258 1037 »εἰς
278 947 383 1040 ῦιμοςι
419 942 497 1037 ἆραι
523 958 579 1020 καὶ
601 956 653 1039 τῷ
674 947 839 1040 προφήτῃ
862 957 1107 1039 παραπλησίως
1133 952 1239 1021 εἰπεῖν
1270 943 1343 1022 »ότι
1374 944 1502 1040 ὄψομαι

158 1072 173 1125 5
191 1053 271 1137 τοῦς
294 1047 475 1139 ούρανούς,
500 1052 579 1138 ἔργα
600 1057 675 1121 τῶν
697 1048 877 1122 δακτύλων
898 1071 975 1133 σου,
1007 1046 1151 1139 σελήνην
1179 1056 1235 1119 καὶ
1258 1045 1398 1136 ἀστέρας
1420 1046 1441 1120 ά
1463 1050 1503 1121 σύ

190 1158 435 1243 ἐθεμελίωσαςι
463 1145 541 1221 οῦδὲ
562 1148 796 1239 μνημονεύσας
811 1154 875 1221 τοῦ
889 1154 1106 1237 προφητικοῦ
1122 1145 1235 1237 λόγου,
1258 1144 1300 1221 δι’
1315 1140 1356 1222 ού
1374 1153 1503 1238 εἴρηται

194 1252 256 1324 »τά
278 1256 314 1321 δὲ
336 1253 417 1339 ἔργα
438 1257 558 1340 κυρίου
579 1246 642 1321 οῦκ
663 1253 894 1338 ἐμβλέπουσιν,
916 1255 972 1318 καλ
994 1246 1036 1318 τά
1058 1248 1139 1337 ἐργα
1160 1256 1233 1319 τῶν
1253 1256 1378 1338 χειρῶν
1396 1246 1504 1321 αὐτοῦ

190 1349 232 1424 ού
263 1356 519 1422 κατανοοῦσινι.
572 1351 600 1420 εί
628 1347 692 1438 γάρ
723 1346 860 1429 τούτοις
890 1343 1122 1437 προσεσχήκει,
1153 1349 1242 1438 ἔγνω
1276 1345 1318 1418 ἀν
1349 1341 1404 1420 ότι
1434 1349 1502 1437 πρὸ
1538 1366 1555 1419 9

191 1448 340 1538 ούρανοῦ
360 1455 417 1520 καὶ
447 1455 507 1540 λῆς
532 1457 588 1519 καὶ
614 1444 682 1535 πρό
705 1452 769 1519 τοῦ
791 1446 986 1538 σύμπαντος
1015 1443 1143 1537 κόσμου
1172 1455 1228 1520 καί
1259 1444 1299 1520 οῦ
1330 1447 1399 1538 πρὸ
1430 1455 1503 1520 τῶν

144 1568 174 1621 10
191 1547 331 1639 ὁρατῶν
352 1545 461 1638 μόνον
483 1542 571 1620 ἀλλά
592 1554 649 1618 καὶ
670 1546 738 1636 πρό
760 1554 834 1618 τῶν
857 1553 996 1634 νοητῶν
1017 1548 1129 1635 ἔργων
1151 1554 1213 1618 τοῦ
1234 1554 1331 1631 θεοῦ,
1363 1554 1437 1618 τῶν
1466 1553 1503 1619 ἐν

191 1646 387 1739 ἀσωμάτοις
408 1653 464 1717 καὶ
486 1642 723 1736 ύπερκοσμίοις
746 1643 923 1736 δυνάμεσιν
955 1650 993 1718 ἐν
1014 1641 1198 1718 ῦποστάσει
1220 1640 1348 1731 όντων,
1378 1639 1422 1738 ἦν
1447 1655 1503 1719 καὶ

190 1755 306 1839 προῆν
328 1742 347 1820 ό
369 1753 478 1817 ταῦτα
500 1752 617 1834 λέγων.
661 1740 680 1817 ό
703 1752 738 1817 δέ
764 1744 908 1835 μεταβὰς
935 1749 990 1817 ἐπί
1013 1743 1053 1816 τό
1083 1744 1167 1831 »πρὸ
1197 1753 1260 1817 τοῦ
1280 1752 1407 1830 αἰῶνος
1429 1751 1503 1819 ἐθε-

191 1854 355 1938 μελίωσέν
377 1876 447 1936 μει,
470 1843 574 1918 πάλιν
596 1845 661 1936 τὴν
683 1842 789 1936 σάρκα
812 1852 859 1930 είς
880 1851 984 1936 μέσον
1006 1844 1077 1933 ἄγει
1100 1851 1210 1933 λέγων
1232 1838 1345 1928 οῦτοος

255 1949 324 2034 (Nr.
349 1953 398 2031 14)
429 1951 589 2035 θεμέλιον
611 1951 738 2017 τοῦτον
760 1939 948 2035 ὀνομάζων,
971 1943 1036 2033 τὴν
1057 1944 1144 2014 κατά
1166 1941 1272 2033 σάρκα
1294 1942 1401 2017 αύτοῦ
1421 1975 1503 2036 προ-

144 2073 174 2125 15
255 2057 450 2135 ορισθεῑσαν
472 2050 679 2134 οἰκονομίαν.
723 2042 771 2128 ῶς
792 2052 847 2116 καὶ
870 2039 889 2117 ό
912 2040 1106 2126 ἀπόστολος
1129 2049 1214 2132 λέγει
1240 2051 1418 2134 »θεμέλιον
1441 2046 1502 2136 γάρ
1522 2060 1555 2114 10

255 2146 362 2217 ἄλλον
393 2141 502 2228 ούόείς
532 2149 586 2218 79*
619 2143 759 2217 δύναται
790 2153 901 2216 θεῖναι
931 2143 1024 2231 παρὰ
1051 2143 1114 2215 τόν
1143 2149 1311 2234 κείμενον,
1343 2140 1381 2228 ός
1411 2149 1503 2217 ἐστιν

255 2241 377 2330 Ἰησοῦς
399 2241 577 2333 Χριστόςι.

192 2352 248 2416 καί
271 2349 415 2432 ἐπιλέγει

255 2447 324 2531 (Nr.
349 2449 399 2531 14)
422 2439 498 2525 ἐνὸς
521 2447 556 2513 δὲ
579 2447 705 2525 αἰῶνος
726 2446 877 2513 ἐνταῦθα
908 2450 1085 2532 μέμνηται,
1117 2437 1177 2529 ἀφ’
1200 2433 1239 2513 οῦ
1267 2441 1310 2513 τά
1330 2443 1418 2515 κατὰ
1440 2443 1504 2516 τόν

141 2566 174 2620 20
256 2540 408 2630 Χριστόν
446 2547 716 2629 τεθεμελιῶσθαι
756 2544 835 2631 έιμη,
875 2547 988 2613 καίτοι
1027 2548 1170 2613 πολλῶν
1209 2538 1504 2631 παρεληλυθότων

254 2641 405 2723 αίῶνων,
427 2638 476 2723 σός
497 2635 517 2712 ό
540 2644 643 2710 Δαυὶιί
662 2642 726 2728 ἐφη
751 2634 788 2710 »ό
810 2636 975 2729 ῦπάρχων
996 2640 1063 2728 πρὸ
1086 2648 1160 2710 τῶν
1183 2640 1353 2712 αἰῶνωνι.

192 2750 248 2813 καὶ
270 2739 414 2830 μεταβὰς
435 2741 511 2830 ἑξῆς
532 2744 587 2811 ἐπὶ
610 2737 650 2809 τό
681 2744 736 2810 »ἐν
767 2734 851 2827 ἀρχῇ
880 2736 948 2827 πρὸ
979 2746 1043 2810 τοῦ
1073 2737 1139 2828 τὴν
1166 2745 1229 2830 γῆν
1259 2745 1414 2831 ποιῆσαι(
1447 2747 1503 2811 καλ
1522 2753 1553 2805 ll

194 2840 258 2932 τὴν
282 2846 345 2931 γῆν
366 2837 471 2911 πάλιν
493 2839 558 2929 τὴν
581 2836 687 2928 σάρκα
710 2839 795 2909 είναι
818 2843 913 2927 λέγει,
935 2835 1056 2926 γράφει
1077 2843 1113 2909 δέ
1136 2833 1247 2923 οῦτως

256 2944 326 3028 (Nr.
351 2945 401 3028 18)
423 2946 527 3010 ποίαν
549 2935 681 3026 ταύτην
703 2935 767 3026 τὴν
788 2943 853 3027 γῆν
874 2933 896 3026 ἢ
917 2935 1078 3029 δηλονότι
1106 2937 1171 3027 τὴν
1197 2934 1361 3029 ἡμετέραν
1387 2935 1503 3027 σάρκα,

143 3068 176 3122 25
256 3037 321 3128 τὴν
342 3035 427 3128 μετὰ
449 3038 513 3128 τὴν
534 3036 712 3126 καρακοὴν
728 3043 790 3126 γῆν
805 3030 904 3120 αὖθις
918 3044 1119 3127 γενομένην,
1144 3044 1220 3127 »γῆι
1238 3037 1302 3129 γάρ
1320 3040 1384 3110 ›sl‹
1403 3046 1506 3128 φησὶν

261 3144 333 3209 »καί
353 3143 400 3220 είς
420 3142 484 3226 γῆν
509 3133 708 3223 άπελεύοηι.
751 3138 816 3207 ἔδει
838 3135 901 3227 γάρ
924 3135 1054 3227 ταύτην
1074 3135 1197 3220 ἰάσεως
1218 3157 1337 3225 τυχεῖν.

194 3245 251 3309 καὶ
272 3242 381 3308 ταῦτα
402 3241 439 3308 δέ
461 3233 591 3323 φάσκει,
614 3232 655 3306 ού
676 3235 908 3325 μνημονεύσας
930 3232 948 3307 ό
971 3236 1178 3323 οοφῶτατος
1200 3234 1248 3319 ῶς
1262 3244 1317 3308 καὶ
1340 3234 1505 3325 ἀνωτέρω

194 3334 263 3424 πρὸ
286 3341 349 3407 τοῦ
371 3335 435 3427 τὴν
458 3341 520 3424 γῆν
541 3341 678 3424 ποιῆσαι
702 3339 856 3406 ἐκτίσθαι
878 3335 943 3425 τὴν
965 3332 1071 3424 σάρκα
1092 3332 1199 3425 ἀρχὴν
1220 3330 1314 3406 όδῶν
1336 3342 1399 3408 τοῦ
1420 3344 1506 3407 θεοῦ

195 3435 340 3525 είρηκῶς
362 3438 486 3523 ἔτυχεν.
529 3439 558 3504 εί
580 3440 616 3506 δέ
638 3427 729 3517 ὅλως
751 3433 805 3505 διά
828 3440 888 3522 τῆς
910 3441 970 3524 γῆς
992 3435 1056 3525 τὴν
1083 3432 1190 3522 σάρκα
1211 3432 1346 3525 ἐδήλου,
1368 3443 1443 3518 πῶς
1463 3432 1504 3506 ού
1522 3446 1555 3499 12

145 3554 180 3611 30
194 3530 425 3622 προϋπάρχειν
448 3538 508 3625 τῆς
530 3531 652 3621 σαρκός
673 3529 802 3622 ἀνάγκη
830 3527 1008 3624 ὁμολογεῖν
1041 3531 1104 3606 τόν
1130 3540 1275 3623 λέγοντα
1304 3544 1309 3622 Ι
1343 3533 1411 3623 πρὸ
1442 3543 1505 3607 τοῦ
1524 3546 1582 3602 158

197 3634 261 3724 τὴν
283 3639 347 3723 γῆν
368 3639 508 3722 ποιῆσαι
530 3630 653 3704 ἐαυτὸν
676 3633 775 3717 είναι,
800 3631 904 3719 »πρόι
929 3634 991 3722 γάρ
1016 3640 1098 3705 »τοῦ
1120 3637 1262 3716 αἰῶνος(
1288 3639 1390 3723 φησίν
1415 3638 1505 3705 »ἐθε-

195 3738 358 3822 μελίωσέν
384 3760 437 3821 με,
469 3735 506 3803 ἐν
535 3727 620 3819 ἀρχῇ
646 3729 713 3820 πρό
735 3737 798 3803 τοῦ
819 3731 885 3821 τὴν
905 3738 969 3821 γῆν
991 3739 1158 3822 ποιῆσαιι.
1201 3730 1326 3805 ούκοῦν
1350 3733 1419 3822 πρὸ
1443 3741 1506 3805 τοῦ

197 3833 261 3923 τὴν
291 3830 397 3920 σάρκα
417 3837 556 3920 ποιῆσαι
582 3825 602 3901 ό
624 3837 732 3902 ταῦτα
754 3836 862 3919 λέγων
884 3827 1040 3921 ύπηρχεν.
1084 3836 1113 3902 εί
1134 3839 1168 3903 δὲ
1198 3839 1254 3905 καὶ
1284 3832 1328 3923 μὴ
1358 3840 1504 3905 πολλῶν
1521 3848 1554 3902 13

195 3931 336 4004 αἰῶνων
356 3929 617 4021 ἐμνημόνευσεν,
648 3923 722 4001 ἀλλ’
744 3926 830 4013 ἑνός,
862 3922 903 4002 οῦ
932 3939 988 4002 καί
1019 3926 1038 4003 ό
1068 3932 1182 4022 σωτὴρ
1212 3931 1365 4023 ἐμνήσθη
1396 3933 1504 4004 είπῶν

146 4043 180 4098 35
199 4033 249 4103 εοί
280 4035 348 4103 υίοὶ
375 4036 438 4102 τοῦ
464 4036 590 4112 αἰῶνος
611 4027 739 4101 τούτου
760 4036 925 4119 γαμοῦσιν
945 4037 1000 4102 καὶ
1022 4040 1275 4120 γαμίσκονταιι,
1306 4038 1362 4104 καὶ
1392 4025 1505 4114 οὕτως

283 4250 399 4307 1Prov.
417 4250 442 4317 8,
460 4251 494 4304 22
511 4280 541 4289 -
563 4248 1071 4314 111α.1ο,26-1Ρι.ε,4-τ
1092 4250 1507 4318 1α.5,12-11Ριον.ειευ

197 4383 230 4393 -
250 4352 287 4408 15
305 4353 318 4406 I
335 4352 401 4406 Kor.
420 4353 444 4419 3,
462 4353 494 4406 11
512 4379 545 4390 -
568 4351 606 4406 21
626 4350 670 4404 Pu.
688 4354 729 4417 54,
748 4352 781 4406 20
806 4380 840 4390 -
866 4353 904 4408 22
921 4352 1001 4407 Prov.
1018 4353 1044 4419 8,
1061 4353 1096 4408 23
1121 4382 1154 4392 -
1180 4353 1217 4409 25
1237 4354 1305 4409 Gen.
1323 4355 1347 4421 3,
1366 4357 1398 4412 19
1415 4384 1447 4395 -
1466 4356 1506 4412 28

198 4455 253 4524 vgl.
270 4453 316 4508 Nr.
335 4454 419 4509 10-
438 4452 476 4508 81
496 4451 574 4507 Prov.
593 4454 618 4518 8,
636 4452 669 4506 23
686 4481 720 4490 -
739 4451 778 4508 85
797 4451 863 4507 Luk.
882 4454 923 4521 20,
941 4456 975 4509 34

281 4647 400 4710 λεῖπεν
419 4653 467 4718 V*‚
485 4670 553 4709 eorr.
572 4652 610 4706 V²
640 4653 646 4721 Ι
679 4652 718 4707 11)
734 4651 826 4720 μόνον
844 4670 871 4706 m
888 4651 1031 4720 μόνωνθ

1226 4739 1277 4795 10·
