3698 5510
359 508 399 572 84
950 505 1083 561 Eusebius

361 661 569 737 ἀποκαλέσαι
590 672 646 735 καὶ
667 672 834 756 μονογενῆ
859 665 966 756 φάναι
988 674 1076 759 (καί)
1098 668 1174 743 υίόν
1196 677 1282 744 θεοῦ
1308 666 1526 761 ὁμολογῆσαι,
1557 665 1666 742 ούκέτι

361 762 467 855 λόγον
488 760 656 854 ὀνομάζει,
680 760 767 837 ἀλλὰ
788 775 844 838 καὶ
867 764 973 840 αῦτόν
996 768 1121 843 λοιπόν
1135 774 1265 859 ίστορεῖ
1277 770 1342 843 τόν
1356 776 1494 859 σωτῆρα
1509 765 1550 840 ού
1566 768 1667 857 λόγον

361 864 486 937 ἑαυτὸν
507 862 762 951 ἀποκαλοῦντα,
784 862 870 938 ἀλλὰ
893 866 967 939 υίόν
988 876 1045 939 καί
1065 877 1234 961 μονογενῆ
1255 878 1312 942 καὶ
1334 877 1410 958 φῶς
1431 875 1486 938 καὶ
1509 868 1600 957 ζαῆν
1613 873 1666 938 καὶ

362 963 528 1054 ἀλήθειαν
554 971 609 1035 καί
632 963 720 1037 ἀλλα
750 974 864 1056 μυρία,
896 965 1011 1057 ὥσπερ
1038 961 1100 1040 οῦν
1127 965 1269 1042 οἰκοῦσαι
1289 968 1454 1059 πάρεστιν
1475 965 1581 1040 αύτοῦ
1603 960 1667 1038 ὧδέ

326 1080 409 1154 ῖπη
431 1061 656 1146 διδάσκοντος
680 1061 812 1149 »οὕτως
833 1067 896 1156 γὰρ
918 1063 1090 1158 ῆγάπησεν
1113 1065 1132 1141 ό
1154 1068 1237 1153 θεὸς
1259 1069 1323 1143 τόν
1336 1065 1475 1156 κόσμον,
1498 1065 1587 1140 ὥστε
1606 1067 1666 1141 τὸν

360 1163 435 1237 υίὸν
457 1161 564 1236 αὐτοῦ
583 1161 648 1235 τόν
668 1171 837 1255 μονογενῆ
859 1169 998 1251 ἔδωκεν,
1027 1172 1082 1240 ἵνα
1103 1175 1170 1252 πᾶς
1192 1164 1212 1241 ό
1233 1168 1407 1242 πιστεύων
1428 1173 1475 1251 είς
1499 1164 1604 1239 αῦτὸν
1624 1167 1666 1256 μῆ

360 1262 566 1353 ἀπόληταιτ,
597 1271 653 1335 καί
682 1261 788 1337 πάλιν
817 1261 876 1335 »ού
903 1265 966 1355 γάρ
987 1263 1185 1341 ἀπέστειλεν
1207 1264 1226 1340 ό
1250 1267 1332 1351 θεὸς
1354 1267 1419 1341 τὸν
1440 1264 1517 1339 υίόν
1538 1270 1584 1350 είς
1605 1266 1666 1338 τὸν

360 1363 502 1454 κόσμον,
534 1366 589 1435 ίνα
611 1370 708 1453 κρίνῃ
731 1362 795 1435 τόν
816 1361 979 1454 κόσμονι,
1009 1374 1065 1438 καὶ
1096 1359 1196 1452 αὖθις
1227 1364 1265 1439 »ὁ
1288 1374 1324 1440 δὲ
1344 1367 1389 1459 μῆ
1411 1365 1585 1439 πιστεύων
1605 1362 1666 1456 ἤδη
1682 1382 1712 1437 19

359 1472 518 1554 κέκριται,
542 1457 597 1535 ότι
618 1460 659 1534 ού
680 1471 904 1537 πεπίστευκεν
927 1471 973 1549 είς
995 1465 1036 1537 τό
1061 1459 1169 1557 όνομα
1194 1474 1258 1539 τοῦ
1279 1475 1487 1558 μονογενοῦς
1508 1471 1585 1538 υίοῦ
1606 1472 1667 1539 τοῦ

294 1576 344 1631 ¹10
360 1572 474 1637 θεσῦι.
516 1571 572 1633 καί
593 1565 746 1634 ἐνταῦθα
765 1559 871 1636 πάλιν
893 1559 912 1635 ό
933 1572 996 1654 μὲν
1016 1563 1099 1649 θεὸς
1124 1572 1237 1639 ἐδίδου
1262 1575 1319 1638 καί
1353 1566 1579 1640 »ἀπέστελλεν
1608 1565 1668 1638 τόν

360 1662 436 1736 υίόν
458 1668 597 1752 σωτῆρα
620 1669 684 1735 τοῦ
705 1660 863 1751 κόσμουι,
886 1659 905 1735 ό
927 1670 964 1736 δὲ
986 1661 1214 1739 ἀπεστέλλετο
1231 1667 1345 1756 έτερος
1361 1659 1414 1738 όνν
1435 1667 1566 1757 δηλαδῆ
1580 1664 1668 1755 παρὰ

361 1762 424 1835 τόν
446 1757 713 1851 ἀποστέλλοντα
756 1759 809 1834 διό
831 1790 889 1852 μοι
911 1768 1005 1837 δοκεῖ
1023 1765 1078 1837 διὰ
1099 1773 1174 1838 τῶν
1196 1768 1272 1858 ἑξῆς
1291 1763 1340 1850 ιός
1353 1764 1441 1856 πρὸς
1456 1762 1564 1839 αύτὸν
1579 1765 1668 1855 Μάρ-

360 1872 484 1935 κελλον
505 1859 669 1950 καὶπρὸς
696 1860 778 1943 τοῦς
805 1869 1122 1954 διαφθονουμένους
1152 1873 1196 1955 τῆ
1226 1872 1290 1938 τοῦ
1319 1869 1396 1938 υίοῦ
1427 1864 1526 1954 φύσει
1556 1861 1668 1954 ἀναγε-

361 1961 514 2052 γράφθαι
535 1957 639 2044 αῦτός
661 1955 680 2033 ό
702 1958 819 2050 σωτὴρ
840 1957 939 2052 ἡμῶν
961 1965 1105 2055 είρηκάς
1137 1962 1219 2038 »σῦκ
1250 1970 1342 2037 ἔστιν
1372 1971 1604 2055 γεγραμμένον
1632 1968 1667 2035 ἐν

311 2069 413 2150 15τῷ
436 2057 531 2150 νόμῳ
555 2066 559 2148 Ι
584 2054 639 2131 ότι
660 2062 727 2148 έγώ
750 2062 840 2132 εἶπα
877 2071 954 2135 θεοί
975 2068 1066 2149 έστε,·
1093 2070 1154 2153 <εί>
1175 2068 1322 2149 ἐκείνους
1344 2066 1437 2136 είπεν
1458 2065 1564 2147 θεοῦς
1585 2062 1667 2151 πρὸς
1682 2078 1766 2147 20187

362 2157 421 2242 οῦς
443 2156 462 2230 ό
485 2156 586 2248 λόγος
607 2164 741 2247 ἐγένετο
764 2167 827 2233 τοῦ
848 2169 942 2247 θεοῦ,
964 2170 1021 2234 καὶ
1043 2160 1084 2236 ού
1105 2163 1247 2237 δύναται
1269 2170 1417 2254 λυθῆναι
1437 2161 1458 2255 ῆ
1481 2161 1605 2254 γραφή,
1628 2156 1667 2233 όν

362 2257 382 2332 ό
411 2259 526 2349 πατὴρ
559 2257 695 2349 ῆγίασεν
723 2267 779 2330 καὶ
810 2257 1007 2334 ἀπέστειλεν
1036 2269 1082 2346 είς
1112 2262 1175 2335 τόν
1206 2261 1336 2355 κόσμον
1364 2260 1456 2353 ύμεῖς
1481 2269 1596 2353 λέγετε
1617 2256 1669 2334 ότι

361 2372 577 2449 βλασφημεῖς,
600 2356 655 2431 ότι
677 2361 787 2432 είπον·
810 2360 882 2444 υίὸς
904 2369 968 2434 τοῦ
989 2368 1074 2435 θεοῦ
1096 2368 1190 2451 είμίι.
1233 2359 1366 2447 ἀκούεις
1388 2358 1505 2446 ὁσάκις
1527 2357 1668 2444 αύτὸςό

362 2458 478 2549 σωτῆρ
500 2457 624 2530 ἑαυτὸν
646 2455 686 2531 ού
702 2455 815 2546 λόγον,
839 2457 926 2533 ἀλλὰ
940 2461 1017 2534 υἱὸν
1031 2459 1209 2552 ω’νόμασεν
1222 2470 1279 2535 καί
1293 2468 1463 2552 μονογενῆ
1477 2481 1668 2552 προσεῖπεν,
1826 2486 1827 2537 ί

311 2573 345 2629 20
363 2555 460 2642 ὅπως
482 2564 517 2629 δὲ
539 2554 754 2630 ἀπεστάλθαι
775 2559 899 2632 ἑαυτὸν
919 2569 975 2632 καί
998 2558 1158 2651 ῆγιάσθαι
1177 2560 1246 2652 πρὸ
1268 2569 1331 2633 τοῦ
1353 2559 1590 2652 ἀποσταλῆναι
1604 2557 1668 2632 ῦπὸ
1684 2575 1713 2631 21
1826 2576 1827 2591 ’

362 2657 578 2745 τοῦπατρὸς
600 2661 782 2739 ἐδίδασκεν,
803 2664 859 2729 καί
882 2656 929 2741 τός
952 2660 1032 2743 τοῦς
1053 2656 1243 2745 όκνοῦντσς
1264 2661 1341 2733 υίόν
1363 2659 1471 2734 αύτόν
1493 2657 1669 2751 όμολογεῖν

362 2763 426 2829 τοῦ
446 2763 533 2828 θεοῦ
555 2764 705 2829 δυσωπεῖ
724 2754 894 2829 διδάσκων
916 2762 953 2829 ἐκ
974 2766 1037 2850 τῆς
1058 2769 1155 2845 θείας
1176 2767 1307 2850 γραφῆς
1333 2759 1382 2844 σός
1408 2757 1450 2833 οῦ
1475 2757 1585 2848 μόνον
1606 2762 1669 2830 υἱοὶ

362 2863 447 2928 θεοῦ
468 2852 556 2927 ἀλλὰ
577 2863 633 2928 καί
660 2865 736 2928 θεοί
762 2865 887 2946 θνητοὶ
916 2856 983 2948 τῆν
1012 2858 1114 2947 φύσιν
1145 2859 1265 2950 ἀνδρες
1295 2858 1505 2949 ἐκλῆθησαν·
1546 2858 1598 2931 διὸ
1626 2857 1668 2946 μὴ

360 2963 483 3046 χρῆναι
504 2963 653 3045 νομίζειν
674 2952 876 3046 βλάσφημον
897 2960 984 3030 εἶναι
1006 2958 1047 3030 τὸ
1069 2964 1125 3030 καί
1145 2959 1223 3031 υίόν
1244 2967 1329 3030 θεοῦ
1354 2968 1410 3031 καὶ
1437 2957 1524 3032 θεὸν
1551 2954 1668 3048 ὁμολο-

311 3070 345 3125 25
362 3074 434 3145 γεῖν
459 3049 518 3126 νῦν
540 3050 559 3127 ό
581 3055 695 3144 πατὴρ
718 3052 853 3145 ῆγίασεν
873 3063 929 3127 καί
951 3054 1148 3131 ἀπέστειλεν
1178 3063 1226 3141 είς
1256 3058 1319 3130 τόν
1345 3055 1506 3148 κόσμονι.
1551 3065 1585 3129 τί
1609 3049 1668 3128 οῦν
1683 3064 1713 3120 22
1826 3118 1827 3141 ,

363 3159 463 3244 ἐχρῆν
483 3164 611 3227 παθεῖν
631 3154 695 3225 τὸν
716 3155 801 3244 μετά
821 3154 883 3238 τὰς
905 3155 1073 3239 τοσαύτας
1096 3154 1217 3245 φωνάς
1239 3156 1458 3248 τολμήσαντα
1481 3154 1589 3246 φάναι
1826 3148 1827 3241 ί

426 3258 495 3339 (Nr.
511 3264 551 3327 43
572 3291 615 3312 =
636 3261 688 3340 81)
711 3251 817 3343 λόγον
839 3256 923 3325 είναι
948 3252 1054 3327 αύτόν
1074 3262 1131 3327 καί
1154 3252 1254 3327 οῦδὲν
1276 3258 1405 3345 ἕτερον,
1826 3272 1827 3279 ’

364 3349 535 3439 αύτολεξεί
557 3382 594 3424 τε
617 3349 776 3442 εἰρηκότα
1709 3434 1713 3442 ,

425 3456 496 3539 (Nr.
511 3460 563 3539 34)
585 3458 640 3523 καί
663 3450 718 3523 διὰ
740 3459 845 3524 τοῦτο
861 3449 921 3542 σύχ
936 3453 1010 3525 υίόν
1025 3461 1110 3525 θεοῦ
1125 3450 1231 3525 αύτόν
1251 3448 1417 3544 όνομάζει,
1441 3451 1531 3528 ἀλλὰ
1545 3481 1669 3526 παντα-

311 3565 346 3619 30
424 3558 486 3641 χοῦ
507 3550 585 3622 υίὸν
605 3547 798 3639 ἀνθρώπου
813 3553 935 3623 ἑαυτὸν
951 3559 1047 3642 λέγει,
1070 3555 1125 3624 ίνα
1147 3553 1201 3625 διὰ
1224 3559 1285 3643 τῆς
1307 3553 1470 3645 τοιαύτης
1492 3550 1669 3644 ὁμολογίας

425 3657 518 3721 θέσει
539 3649 604 3721 τόν
625 3650 820 3737 ἄνθρωπον
841 3650 896 3723 διά
922 3657 983 3742 τῆς
1013 3651 1100 3741 πρὸς
1131 3649 1239 3724 αύτὸν
1268 3659 1450 3737 κοινωνίας
1481 3654 1559 3726 υίὸν
1589 3656 1670 3722 θεοῦ

426 3752 582 3838 γενέσθαι
603 3747 847 3836 παρασκευάσῃ.

364 3854 472 3919 ταῦτα
495 3847 556 3937 γάρ
572 3846 775 3938 Μάρκελλος
796 3850 904 3921 είπιῦν
925 3846 988 3921 ούκ
1008 3846 1075 3921 οἷδ’
1098 3845 1214 3937 [ὅπως]
1237 3846 1371 3935 ὁποίοις
1386 3846 1582 3940 ὀφθαλμοῖς
1601 3845 1668 3929 οίός

363 3976 400 4018 τε
432 3941 476 4035 ῆν
499 3943 714 4031 ἀντιβλέπειν
734 3944 756 4036 ἢ
778 3956 891 4031 ποίοις
912 3956 1055 4037 χείλεσιν
1078 3946 1371 4040 ἀντιφθέγγεσθαι
1393 3970 1468 4034 ταῖς
1490 3948 1666 4028 τοσαύταις

311 4060 345 4114 35
362 4054 416 4120 57¹
443 4054 648 4136 μαρτυρίαις.
691 4056 748 4119 καὶ
779 4055 855 4134 φῶς
885 4053 921 4118 δὲ
942 4044 1049 4120 αὐτὸν
1071 4050 1156 4119 είναι
1179 4046 1198 4119 ὁ
1221 4049 1337 4140 σωτῆρ
1364 4058 1510 4140 παρίστη
1537 4047 1666 4137 συμφιό·
1681 4052 1710 4108 23

362 4172 434 4229 νως
456 4154 626 4233 τοῖςπερὶ
647 4152 710 4216 τοῦ
732 4146 850 4234 φωτὸς
871 4155 1165 4236 προαποδοθεῖσιν
1191 4154 1302 4237 λέγων
1332 4150 1417 4238 »ἐγώ
1445 4155 1510 4238 είμι
1532 4147 1573 4219 τό
1595 4152 1666 4233 φῶς

447 4314 465 4370 ῦ
483 4314 545 4369 Joh.
564 4318 587 4380 3,
607 4316 689 4370 16-
709 4317 726 4371 7
744 4316 805 4371 Joh.
824 4318 848 4383 3,
868 4318 899 4370 17
916 4346 951 4355 —
968 4317 987 4374 8
1004 4317 1066 4374 Joh.
1084 4320 1109 4384 3,
1128 4320 1161 4373 18
1177 4349 1211 4358 -
1235 4320 1274 4375 10
1292 4319 1306 4372 I
1323 4318 1385 4374 Joh.
1402 4322 1429 4386 4,
1447 4322 1480 4374 14
1497 4348 1531 4358 -
1551 4317 1588 4372 14
1606 4313 1663 4369 Joh.

364 4415 404 4483 10,
422 4417 524 4471 34-36
541 4445 574 4455 -
593 4417 631 4471 25
651 4416 712 4471 Joh.
731 4418 771 4484 10,
789 4417 823 4473 36
839 4447 872 4457 -
889 4417 927 4473 θθ
945 4417 1007 4474 ίοία
1024 4420 1049 4483 8,
1068 4420 1101 4473 12

450 4566 578 4621 Ῑκαίια
611 4568 616 4633 Ι
649 4565 687 4620 Ῑθ
705 4563 790 4636 φάσει
808 4565 842 4632 V,
860 4583 974 4620 eornm
1006 4568 1011 4635 Ι
1045 4568 1082 4623 15
1101 4564 1171 4623 εἶτα
1190 4569 1247 4639 vgl.
1264 4569 1311 4623 NT
1338 4572 1342 4635 l
1374 4570 1411 4625 θλ
1432 4569 1578 4641 λδγσναιῖ
1601 4561 1664 4620 ῦλον

363 4666 388 4718 V
421 4667 426 4733 Ι
459 4667 498 4720 29
517 4662 647 4721 αῦιδνῦ
679 4668 683 4734 Ι
716 4667 755 4722 θθ
774 4661 915 4732 ίίπωςείε.
934 4666 971 4720 Kl
1002 4668 1007 4735 Ι
1040 4666 1115 4723 841.
1134 4665 1267 4733 όποίοιςθ
1300 4673 1304 4737 Ι
1337 4671 1375 4726 θῦ
1394 4668 1525 4727 αῦτδνῦ
