3728 5508
530 526 533 533 ’
647 539 744 591 contra
759 531 920 587 Marcellum
938 532 951 586 Ι
969 537 993 587 1.
1446 543 1464 602 5

160 702 257 784 θῆναι
279 703 337 766 καὶ
360 692 549 787 ὑποστῆναι
571 705 625 768 καί
648 697 756 786 μόνον
777 696 852 769 υἱὸν
873 702 1042 785 μονογενῆ
1064 695 1150 767 εἶναι
1172 696 1357 782 πιστεύειν
1381 695 1466 769 θεόν

160 823 192 864 τε
215 792 320 865 αὐτὸν
348 792 396 878 σός
423 793 565 885 άληθῶς
592 791 711 868 υίόν
691 827 777 869 οντα
795 804 880 868 θεοῦ
902 805 1087 885 γνωρίζειν.
1130 801 1158 866 εί
1181 796 1221 886 δὴ
1244 789 1306 867 οῦν
1328 797 1464 882 τούτοις
1485 812 1518 866 18

157 901 213 982 μέν
234 890 428 984 άντιλέγων
451 926 502 980 τις
525 902 693 984 φαίνοιτο,
717 894 822 986 λόγον
844 902 879 968 δε
902 902 986 968 θεοῦ
1002 891 1128 984 ὁμοίως
1143 924 1193 984 τφ
1176 834 1247 967 ’ἐν
1261 893 1465 985 ἀνθρώποις

157 1001 279 1065 τοῦτον
303 990 469 1083 ὁρίζοιτο,
501 1002 593 1084 (πῶς
619 994 681 1068 οῦκ
709 996 751 1068 άν
773 1002 961 1085 ἐλέγχοιτο)
988 993 1049 1066 οῦκ
1076 967 1210 1067 ἐννοιῦν
1239 993 1316 1067 οῦδὲ
1338 994 1466 1085 λογιζό-

127 1108 251 1183 ῖιμενος
282 1092 332 1177 ως
364 1092 463 1167 οῦδὲν
496 1096 560 1185 χρὴ
591 1097 726 1187 θνητὸν
760 1094 837 1169 οῦδέ
869 1094 1095 1184 ἀνθρώπινον
1125 1102 1175 1184 τῷ
1207 1101 1360 1167 ἐπέκεινα
1392 1105 1466 1168 τῶν

156 1188 247 1265 όλων
273 1191 476 1267 ἀνατιθέναι
507 1204 594 1286 θεῷ,
626 1194 701 1267 οὐδ’
734 1192 823 1277 ὅλως
850 1225 883 1265 τι
910 1204 983 1266 τῶν
1014 1202 1060 1276 είς
1087 1193 1254 1285 ἡμετέραν
1281 1195 1467 1285 ἐνθύμησιν

157 1292 338 1378 άνιόντων,
360 1292 427 1365 κάν
449 1299 482 1366 αἱ
497 1306 589 1365 θεῖαι
610 1304 746 1385 γραφαί,
770 1294 885 1384 ὥσπερ
909 1294 1005 1377 τινάς
1027 1302 1168 1384 νηπίους
1189 1301 1466 1384 παιδαγωγοῦσαι

155 1395 231 1474 τοῦς
246 1392 531 1483 ἐντυγχάνοντας,
554 1392 873 1483 ἀνθρωπικώτερον
888 1401 963 1482 περὶ
980 1390 1086 1465 αῦτοῦ
1101 1401 1334 1484 διαλέγωνται,
1355 1416 1466 1483 χεῖρας

156 1490 245 1583 αὐτῷ
268 1502 327 1565 καὶ
350 1491 459 1576 πόδας
479 1503 536 1564 καὶ
560 1490 764 1584 ὀφθαλμοὺς
782 1502 835 1568 καί
854 1493 974 1583 φωνὰς
994 1501 1048 1564 καὶ
1072 1492 1195 1583 λόγους
1209 1502 1264 1566 καί
1281 1494 1388 1585 στόμα
1410 1506 1466 1567 καὶ

113 1605 140 1654 16
154 1590 345 1680 πρόσωπον
360 1599 414 1665 καὶ
430 1601 530 1682 μυρία
546 1593 634 1667 ἄλλα
650 1602 793 1666 τοιαῦτα
807 1594 1065 1683 περιάπτονσαι·
1089 1592 1110 1664 6
1132 1595 1173 1682 δὴ
1188 1592 1351 1684 προσήκει
1366 1624 1465 1683 μετα·

155 1701 266 1780 φέρειν
282 1699 340 1764 ἐπὶ
356 1705 558 1782 θεοπρεπείς
574 1699 715 1777 ἐννοίας,
738 1693 838 1767 οῦδὲν
860 1694 993 1784 θνητόν
1015 1689 1090 1765 οὐδ’
1114 1690 1340 1781 ἀνθρώπινον
1361 1700 1464 1784 ἐντῷ

154 1800 223 1883 θεῷ
240 1796 328 1865 εἶναι
345 1801 634 1883 φανταζομένους·
652 1802 819 1884 »πνεῦμαι
836 1795 899 1884 γάρ
916 1790 954 1866 »ὁ
969 1792 1060 1875 θεός,
1074 1795 1220 1876 καὶτοὺς
1234 1801 1462 1881 προσκυνοῦν-

155 1921 212 1974 τας
228 1891 339 1964 αὐτὸν
353 1899 390 1964 ἐν
405 1894 571 1983 πνεύματι
593 1903 647 1964 καί
663 1891 806 1986 ἀληθείᾳ
822 1901 872 1965 δεῖ
891 1912 1124 1982 προσκυνεινι,
1149 1891 1252 1976 αὐτὸς
1274 1896 1424 1980 ἐδίδαξεν
1446 1890 1465 1965 6

154 1990 275 2081 σωτήρ.
321 1999 351 2064 εί
373 1998 408 2064 δὲ
430 2001 573 2082 πνεῦμα,
606 2000 712 2083 δῆλον
738 1989 793 2065 ότι
814 2007 927 2078 θεῖον,
958 2014 1115 2083 κρεῖττον
1144 1993 1276 2076 παντὸς
1299 2001 1465 2083 αἰσθητοῦ
1485 2007 1517 2061 19

112 2102 138 2153 1]
153 2100 206 2161 καὶ
227 2099 401 2164 συνθέτου
423 2093 589 2182 σώματος,
613 2092 661 2176 οῦς
682 2092 767 2183 μήτε
790 2092 895 2184 λόγον
909 2092 1077 2182 αἰσθητόν
1099 2097 1194 2182 ἔχειν,
1216 2091 1284 2165 ῦπὸ
1301 2096 1465 2183 4γλώττης

154 2191 383 2282 ἐξηγούμενον
411 2201 466 2263 καὶ
497 2192 551 2264 διὰ
582 2201 762 2282 προφορᾶς
792 2207 935 2284 θνητοῖς
967 2190 1051 2265 αίσὶν
1085 2192 1346 2280 ε’ζακουόμενον,
1381 2190 1466 2283 μήτε

154 2300 314 2378 γλῶτταν
337 2289 422 2381 μήτε
445 2292 567 2382 φωνὴν
596 2290 680 2382 μήτε
710 2293 900 2380 πρόσωπον
929 2291 1014 2382 μήτε
1045 2300 1111 2381 (a)
1142 2293 1227 2364 ἄλλο
1259 2299 1379 2383 θνητῷ
1409 2299 1465 2362 καί

154 2387 371 2480 ἀνθρωπίνῳ
395 2399 543 2482 λογισμῷ
567 2390 877 2482 παραβαλλόμενον.
921 2397 950 2463 εί
971 2389 1033 2482 γάρ
1056 2421 1090 2462 τι
1112 2392 1197 2465 άλλο
1224 2386 1261 2462 »6
1285 2388 1466 2481 όφθαλμὸς
1484 2410 1519 2463 20

154 2488 212 2561 οῦκ
234 2495 327 2563 εἶδεν
349 2488 428 2561 οῦδὲ
450 2485 508 2574 οῦς
530 2489 686 2580 ἤκουσεν,
710 2488 786 2564 οῦδὲ
809 2496 863 2562 ἐπὶ
884 2497 1026 2582 καρδίαν
1048 2489 1239 2581 άνθροόπου
1258 2488 1321 2562 οῦκ
1342 2489 1461 2580 όνέβηι

111 2589 280 2662 ’σίτοιαῦέ
315 2592 401 2661 εἶναι
431 2588 470 2659 »ά
496 2588 679 2680 ἡτοίμασεν
707 2587 725 2661 6
749 2591 830 2675 θεὸς
853 2612 925 2673 τοῖς
956 2587 1132 2679 άγαπῶσιν
1163 2588 1287 2663 αῦτόντ
1321 2587 1339 2663 ό
1372 2603 1465 2673 θεῖος

153 2693 302 2777 ἐδίδαξεν
327 2686 532 2773 ἀπόστολος,
555 2690 693 2761 τούτων
716 2687 883 2761 ἁπάντων
906 2687 1009 2774 αῦτός
1032 2686 1051 2762 6
1073 2692 1213 2762 τούτων
1235 2692 1341 2781 δοτὴρ
1363 2687 1463 2781 άρρὴ·

154 2819 224 2861 των
247 2789 291 2862 ἂν
316 2794 366 2879 εἴη
391 2785 627 2880 άρρητότερος,
648 2796 652 2879 Ι
673 2788 720 2873 τάς
742 2798 862 2879 πολλῷ
884 2797 1017 2879 μᾶλλον
1040 2786 1271 2878 ἀληθέστερον
1293 2789 1399 2879 φάναι
1421 2791 1465 2861 ἂν
1498 2804 1517 2858 σ

154 2894 187 2957 ίν
208 2899 251 2979 τῇ
273 2899 353 2977 περὶ
376 2886 484 2961 αὐτοῦ
505 2898 666 2981 θεολογίη
689 2886 873 2979 ὀφθαλμόν
903 2890 947 2979 μὴ
977 2892 1164 2978 ἑωρακέναι
1189 2897 1270 2980 μηδὲ
1301 2884 1360 2974 οῦς
1388 2889 1464 2980 άκη·

154 2996 268 3061 κοέναι
297 2996 380 3077 μηδὲ
406 2993 477 3060 »ἐπὶ
499 2995 641 3075 καρδίαν
664 2988 882 3077 ἀνθρώπων(
908 2988 1149 3077 ἀναβεβηκέναι
1175 2997 1237 3080 τῆς
1258 2998 1335 3080 περὶ
1359 2989 1466 3063 αὐτοῦ

108 3099 136 3153 25
152 3087 383 3178 καταλήψεως
406 3089 470 3177 τὴν
493 3098 629 3177 γνοῦσιν.
660 3084 679 3160 6
702 3085 735 3159 δ’
758 3087 862 3172 αὐτὸς
883 3087 926 3159 ἂν
948 3093 998 3176 είη
1022 3086 1123 3177 λόγος
1144 3097 1200 3161 καί
1221 3100 1298 3180 περὶ
1320 3098 1380 3179 τῆς
1404 3098 1467 3161 τοῦ
1485 3107 1516 3159 21

152 3191 224 3259 υίοῦ
247 3195 507 3278 γενεσιουργὶας.
551 3189 689 3260 τούτων
712 3184 744 3258 δ’
769 3187 871 3272 αὐτὸς
894 3184 912 3260 ό
935 3188 1051 3277 σωτὴρ
1074 3184 1254 3277 ἀξιόχρεως
1278 3187 1399 3278 γένοιτ’
1424 3188 1467 3260 άν

153 3284 227 3374 ἡμῖν
254 3285 481 3377 ἱεροφάντης,
514 3280 582 3359 οἶδέ
610 3316 658 3377 πη
690 3286 834 3375 φάσκων
865 3284 997 3359 »πάντα
1023 3316 1079 3376 μοι
1106 3286 1330 3377 παρεδόθη(
1309 3287 1376 3360 υπὸ
1403 3296 1468 3359 τοῦ

151 3385 287 3474 πατρός
314 3415 392 3473 μου,
423 3397 479 3459 καί
506 3385 615 3471 οῦδεὶς
643 3389 856 3477 ἐπιγινώσκει
879 3387 943 3459 τὸν
964 3386 1039 3457 υἱὸν
1063 3394 1090 3458 εί
1111 3384 1198 3508 μὴο
1229 3385 1357 3476 πατὴρ,
1389 3384 1467 3458 οῦδὲ

153 3486 214 3557 τὸν
236 3492 375 3574 πατέρα
397 3517 449 3568 τις
470 3487 683 3576 ἐπιγινωσκει
711 3492 739 3557 εί
764 3486 809 3617 μὴ
831 3482 849 3557 6
872 3484 973 3569 υίόςι.
1016 3492 1044 3556 εί
1075 3487 1115 3576 δὴ
1146 3492 1209 3559 οῦν
1239 3485 1377 3568 τούτοις
1406 3494 1467 3575 μὲν
1486 3512 1519 3563 22

107 3596 137 3649 30
153 3581 425 3675 αντιφθεγγοιτο
448 3616 500 3668 τις
521 3595 576 3657 καὶ
598 3587 643 3676 μὴ
666 3585 729 3658 τὸν
755 3584 845 3668 υἱόν,
878 3578 906 3676 ᾦ
928 3584 1044 3657 πάντα
1065 3582 1311 3673 παρέδωκεν
1292 3616 1311 3655 ο
1342 3584 1467 3676 πατὴρ

152 3682 344 3771 ὑφεστάναι
375 3694 483 3774 λέγειν
510 3687 665 3777 τολμῴη,
697 3685 802 3777 λόγον
832 3693 868 3756 δὲ
895 3682 1001 3757 αὐτὸν
1028 3681 1178 3775 ὁρίζοιτο
1209 3682 1318 3775 μόνον
1348 3681 1468 3775 ὅμοιον

154 3793 201 3874 τῷ
232 3792 276 3858 ἐν
306 3783 520 3872 ἀνθρώποις,
558 3793 644 3856 ποτέ
675 3793 735 3875 μέν
765 3791 802 3856 ἐν
832 3792 882 3874 τῷ
915 3793 986 3874 θεῷ
1018 3782 1228 3875 ἡσυχάζοντα
1259 3782 1386 3875 ὁμοίως
1416 3794 1467 3875 τῷ

152 3883 229 3973 παρ’
257 3880 337 3973 ἡμῖν
360 3894 546 3967 σιωπῶντι,
569 3894 654 3957 ποτὲ
678 3893 713 3957 δε
735 3892 939 3976 ἐνεργοῦντα
961 3892 1013 3973 τῷ
1028 3882 1106 3972 παρ’
1131 3882 1209 3974 ἡμῖν
1232 3890 1334 3974 ἐντῷ
1352 3896 1467 3956 λαλεῖν

155 3990 385 4074 φθεγγομένῳ
406 3994 661 4075 παραπλησίως,
684 3988 757 4056 εἶτα
779 3992 906 4057 τοῦτον
929 3982 1035 4056 αὐτὸν
1056 3993 1164 4075 καιρῷ
1183 4015 1257 4056 τινι
1278 3981 1349 4056 οὐδ’
1373 3980 1467 4056 ὅλων

238 4156 260 4210 8
284 4154 339 4223 vgl.
359 4154 405 4208 Νι.
423 4159 456 4211 55
483 4185 516 4195 -
543 4155 590 4212 w
609 4156 664 4227 vgl.
684 4156 814 4227 Origenes
832 4157 878 4210 sel.
903 4155 932 4208 in
955 4156 1021 4210 Gen.
1041 4159 1064 4221 1,
1074 4157 1107 4210 26
1133 4187 1166 4195 —
1194 4156 1232 4210 12
1251 4155 1313 4210 Joh.
1331 4158 1356 4223 4,
1375 4160 1408 4211 ‘24
1434 4186 1465 4195 -

155 4257 222 4313 181
243 4256 791 4324 Κοτ.2,9-2311Κοτ.2,9-2ί
812 4258 910 4313 Matth.
930 4262 968 4320 11,
987 4260 1019 4312 27
1039 4287 1070 4296 -
1089 4256 1161 4314 3111
1178 4256 1233 4326 vgl.
1251 4256 1297 4311 Nr.
1316 4262 1356 4313 55.
1375 4261 1415 4312 56.
1434 4259 1468 4311 92

154 4387 184 4397 -
204 4360 277 4417 34ss
292 4358 347 4428 vgl.
366 4358 413 4412 Nr.
432 4360 489 4413 102.
509 4360 557 4413 103

242 4504 257 4558 1
277 4500 351 4571 νίδν]
371 4510 402 4565 -1-
417 4503 466 4557 καί
478 4521 505 4556 m
521 4504 525 4570 Ι
540 4504 560 4558 4
573 4508 634 4568 πῶς
651 4500 703 4557 οὐκ
721 4498 756 4557 ἂν
774 4500 919 4572 ἐλέγχοιτο
932 4502 968 4555 ΚΙ
983 4506 987 4570 ί
1003 4504 1022 4559 8
1035 4498 1297 4573 ἀνθρωπινώτερον
1308 4502 1341 4566 V,
1354 4520 1421 4557 corr.
1432 4501 1468 4555 Kl

156 4605 209 4675 vgl.
228 4606 253 4660 8.
264 4605 305 4667 18,
316 4605 350 4659 23
369 4606 374 4671 Ι
393 4604 413 4658 9
432 4604 559 4672 στύματα
573 4604 606 4671 V,
624 4620 692 4657 corr.
707 4603 758 4658 We
773 4606 778 4672 Ι
795 4607 831 4660 17
845 4623 872 4660 τι
890 4598 959 4660 ἄλλο
972 4604 1016 4671 Kl,
1033 4605 1101 4658 σῦκ’.)
1119 4603 1172 4677 We
1186 4606 1191 4673 Ι
1207 4604 1246 4660 22
1265 4599 1306 4670 ὼς
1322 4622 1350 4658 m
1369 4600 1400 4668 ὃς
1418 4602 1442 4655 V
1463 4606 1465 4619 “

157 4708 195 4762 22
214 4713 303 4777 φᾶναι
315 4705 353 4759 V*
363 4705 433 4774 φαίη
443 4706 481 4759 V²
496 4707 499 4773 1
517 4706 552 4761 25
571 4703 587 4760 δ
606 4700 681 4759 6‘V2
699 4700 810 4760 066’V*
826 4709 830 4773 Ι
846 4707 883 4761 θλ
895 4705 971 4776 λέγει
988 4705 1135 4775 τολμων11
1146 4702 1339 4775 (τολμὼηνίί,
1350 4722 1416 4759 corr.
1427 4708 1469 4760 Ga
