3674 5506
221 463 231 477 ⁴
338 492 394 553 100
920 482 1061 540 Eusebius.

334 647 491 723 ἑωσφόρον,
509 651 551 717 τίς
567 653 669 721 δήποτε
688 646 730 706 ὢν
749 642 833 716 οἶτος
845 651 995 723 ,τυγχάνον
1014 642 1097 716 οἶτος
1109 647 1211 721 γάρήν
1229 649 1245 705 ό
1260 658 1414 720 τηνικαῦτα
1432 650 1635 723 φανείςάστήρ,

334 731 351 789 ό
370 733 465 805 φέρων
482 754 513 790 τε
531 737 580 791 καί
597 737 688 805 δηλῶν
706 738 757 804 τήν
774 733 885 804 ήμέραν
901 744 962 801 τοῖς
979 734 1091 806 μάγοις.
1119 734 1262 808 πρόδηλον
1280 728 1331 791 οὖν
1347 732 1381 790 τό
1401 735 1473 808 »πρό
1491 731 1635 807 ἑωσφόρον

333 815 470 890 ἐγέννησά
498 836 542 876 σει
572 815 627 874 ύπό
650 828 701 874 τοῦ
723 818 959 889 παντοκράτορος
980 818 1112 893 εἰρῆσθαι
1129 819 1268 876 δεσπότου
1285 823 1351 894 περὶ
1368 829 1419 877 τοῦ
1437 820 1482 878 διὰ
1500 828 1549 890 τῆς
1566 840 1633 891 παρ-

333 902 420 960 θένου
437 903 626 975 γεννηθέντος
643 904 693 959 σίν
710 911 745 975 τῇ
763 902 931 975 ἀνθρωπίνῃ
949 907 1033 976 σαρκί
1050 903 1150 975 λόγου,
1170 910 1270 974 σαφῶς
1286 908 1336 961 καί
1352 913 1437 962 τοῦτο
1456 913 1508 961 τού
1524 903 1636 976 εύαγγε·

299 987 315 1037 ό
333 989 396 1043 λίου
414 989 615 1058 σημαίνοντος,
638 988 780 1061 πρότερον
802 989 855 1058 μὲν
873 988 924 1044 τόν
941 989 1081 1058 δεσπότην
1102 990 1184 1057 ήμῶν
1206 987 1251 1045 διά
1269 994 1319 1057 τής
1336 989 1484 1062 παρθένου
1500 989 1636 1060 τετέχθαι,

332 1067 453 1144 ὕστερον
471 1072 501 1129 δέ
518 1072 570 1129 τόν
587 1070 693 1142 ἀστέρα
707 1080 831 1143 φανῆναι
848 1072 899 1128 τόν
916 1075 967 1141 τήν
986 1071 1094 1144 ἡμέραν
1111 1071 1265 1130 δεικνύντα.

417 1241 464 1295 Nr.
484 1243 517 1297 32
536 1242 585 1309 (Re
603 1242 646 1309 2³7)
670 1237 732 1296 ἐπεί
748 1240 841 1296 πόθεν
858 1240 926 1309 ἡμῖν
943 1237 976 1297 ἐκ
992 1247 1050 1297 τῶν
1068 1242 1156 1296 θείων
1174 1243 1341 1311 δυνήσονται
1358 1243 1446 1306 δεῖξαι
1464 1238 1569 1311 ῥητῶν,
1596 1238 1637 1297 ότι

333 1317 382 1390 εἷς
403 1324 465 1395 μὲν
492 1323 693 1397 ἀγέννητος,
717 1318 766 1390 εἷς
787 1324 821 1381 δέ
848 1327 1013 1395 γεννητὸς
1039 1320 1141 1393 οὕτως,
1167 1322 1208 1392 ὼς
1234 1323 1315 1382 αίπολ
1340 1328 1530 1397 γεγεννῆσθαι
1555 1323 1638 1381 αίτόν

332 1408 558 1475 πεπιστεύκασιν,
580 1403 646 1466 οότε
672 1416 828 1480 προφητῶν
852 1404 916 1465 οότε
935 1408 1141 1482 εόαγγελιστῶν
1163 1409 1181 1479 ἢ
1198 1407 1366 1467 ἀποστόλων
1384 1403 1461 1465 τοῖτ’
1478 1409 1637 1479 εἰρηκότων.

282 1582 314 1632 10
416 1577 463 1632 Nr.
482 1579 517 1632 33
534 1575 586 1645 (Re
603 1577 647 1643 28)
666 1576 682 1631 ὁ
700 1576 796 1632 τοίνυν
814 1572 891 1646 ίερός
908 1574 1069 1642 ἀπόστολός
1085 1597 1116 1634 τε
1133 1579 1182 1633 καί
1199 1580 1329 1646 μαθητής
1340 1584 1391 1632 τοῖ·
1403 1577 1504 1648 κυρίου
1513 1571 1640 1644 Ἰωάννης

330 1667 381 1727 τῆς
406 1657 565 1730 ἀιδιότητος
588 1659 675 1717 αὐτού
692 1659 879 1730 μνημονεύων
906 1659 1014 1731 ἀληθής
1031 1658 1159 1733 ἐγίγνετο
1173 1648 1230 1717 ’τοῦ
1247 1661 1335 1732 λόγου
1351 1659 1473 1730 μάρτυς,
1504 1658 1550 1718 ιέν
1568 1657 1638 1729 ἀρχή

332 1743 365 1813 ήν
383 1744 399 1799 ό
417 1744 517 1816 λόγος«
536 1744 627 1816 λέγων
647 1742 743 1801 »καλό
761 1746 847 1816 λόγος
865 1743 898 1816 ήν
916 1747 988 1816 πρός
1005 1748 1055 1802 τόν
1072 1748 1156 1812 θεόν,
1174 1748 1224 1802 καί
1240 1744 1310 1810 θεός
1327 1742 1361 1814 ήν
1380 1744 1396 1800 ό
1413 1745 1525 1815 λόγοςι.
1562 1742 1639 1799 ούδέν

331 1828 468 1900 γενέσεως
497 1826 622 1887 ἐνταῦθα
648 1826 837 1898 μνημονεύων
862 1836 915 1885 τοῦ
941 1831 1041 1901 λόγου,
1073 1826 1136 1887 ἀλλ’
1159 1828 1327 1899 ἐπαλλήλοις
1351 1831 1445 1898 τρισίν
1470 1830 1639 1899 μαρτυρίαις

329 1910 486 1984 χρώμενος,
504 1912 636 1987 ἐβεβαίου
654 1910 684 1970 ἐν
703 1911 777 1986 ἀρχῇ
794 1912 950 1985 τὸνλόγον
968 1908 1049 1970 εἶναι.

281 2092 312 2143 15
416 2082 463 2134 Nr.
482 2085 515 2136 34
533 2082 584 2147 (Re
600 2084 644 2149 ⁶29)
661 2077 818 2150 ὑπομνήσω
835 2078 865 2136 δέ
883 2099 914 2136 σε
933 2072 975 2136 ὧν
993 2079 1079 2145 αὐτός
1096 2080 1241 2152 γέγραφεν
1260 2077 1463 2148 σινιστάμενος
1474 2088 1537 2145 τοῖς
1547 2086 1639 2143 κακῶς

330 2159 385 2220 ίπό
404 2159 542 2237 Εὐσεβίου
559 2173 718 2237 γραφεῖσιν,
734 2159 783 2219 ἳνα
802 2171 876 2235 γνῷς
894 2160 938 2220 ότι
956 2161 1107 2236 άφιόταται
1126 2172 1224 2235 σαφῶς
1241 2171 1290 2232 τῆς
1301 2163 1444 2236 προτέρας
1461 2160 1637 2234 ἐπαγγελίας.

329 2247 473 2321 γέγραφεν
491 2248 546 2321 γὰρ
565 2248 664 2315 αὐταῖς
676 2248 784 2316 λέξεσιν
797 2243 900 2314 οὕτως·
918 2250 962 2305 τό
975 2250 1038 2320 γὰρ
1056 2249 1254 2319 κεφάλαιον
1272 2243 1364 2305 εἶναι
1381 2254 1439 2316 τῆς
1457 2244 1639 2315 ἐπιστολῆς

329 2331 385 2388 ἐπί
402 2337 463 2403 τήν
479 2338 608 2408 βουλήν
625 2342 686 2390 τοῖ·
704 2333 836 2403 πατρός
853 2331 1056 2404 ἀνενεγκεῖν
1074 2343 1134 2390 τοῖ·
1156 2333 1232 2390 υἱοῦ
1254 2337 1314 2404 τήν
1336 2332 1489 2403 γένεσιν,
1515 2335 1572 2388 καλ
1596 2335 1638 2401 μή

330 2416 443 2486 πάθος
460 2419 640 2489 ἀποφῆναι
658 2426 717 2473 τού
734 2422 819 2474 θεοῖ·
836 2421 896 2487 τήν
913 2421 1028 2490 γονήν.
1064 2414 1149 2490 όπερ
1169 2417 1201 2475 ολ
1220 2415 1422 2489 σοφώτατοι
1448 2423 1518 2473 τῶν
1540 2416 1637 2473 ποτέ

279 2514 397 2575 ἳυρων
427 2501 462 2560 ἐν
488 2512 563 2569 τοῖς
592 2502 742 2569 οἰκείοις
771 2502 1008 2574 συντάγμασιν
1038 2500 1274 2574 ἀπεφήναντο,
1306 2500 1549 2573 φυλαξάμενοι
1575 2509 1638 2556 τῶν

330 2585 517 2660 αλρετικῶν
535 2592 594 2659 τήν
613 2586 789 2661 ἀσέβειαν,
808 2585 839 2643 οἳ
858 2591 1056 2658 σωματικήν
1078 2608 1154 2644 τινα
1176 2591 1234 2644 καὶ
1251 2590 1449 2658 παθητικήν
1467 2584 1634 2657 κατεφεύ·

330 2692 435 2731 σαντο
452 2681 513 2730 τοῖ·
531 2678 615 2729 θεοῖ·
633 2677 692 2743 τήν
710 2675 955 2744 τεκνογονίαν,
973 2673 1033 2739 τάς
1050 2672 1229 2746 προβολὰς
1246 2673 1531 2744 δογματίζοντες.

414 2825 461 2879 Nr.
481 2827 515 2880 35
545 2825 597 2891 (Re
623 2826 667 2891 30)
696 2818 771 2880 ὥστε
802 2830 992 2897 σινηγορῆσαι
1019 2823 1145 2898 Εύσεβίῳ
1171 2830 1267 2889 κακῶς
1292 2820 1438 2895 γράψαντι
1463 2822 1639 2894 βουλόμενος

330 2904 479 2979 Ἀστέριος,
498 2906 633 2977 φύσεώς
649 2927 684 2965 τε
702 2907 833 2981 πατρὸς
849 2912 906 2965 καί
925 2907 1058 2977 φύσεως
1076 2906 1290 2978 [άήγεννητοῦ
1315 2905 1529 2976 μνημονεύσας,
1557 2904 1639 2970 αὐτὸς

278 2999 312 3053 25
330 2988 434 3048 ἑαυτοῦ
450 2995 611 3067 κατήγορος
637 2994 763 3064 γέγονεν.
799 2992 871 3049 πολὺ
897 2994 952 3065 γάρ
978 2994 1091 3065 βέλτιον
1118 2990 1151 3061 ήν
1177 2991 1214 3048 τό
1242 2990 1353 3065 βάθος
1378 2998 1438 3047 τοῦ
1464 2992 1639 3059 νοήματος

330 3075 514 3149 Εόσεβίου,
533 3072 573 3143 ὣς
590 3074 676 3143 αότός
693 3076 849 3150 γέγραφεν,
876 3074 911 3133 ἐν
932 3078 1146 3152 βραχυλογίᾳ
1163 3080 1326 3146 κείμενον
1350 3073 1540 3142 ἀνεξέταστον
1558 3093 1639 3129 κατα·

329 3166 433 3227 λιπεῖν,
460 3159 477 3230 ἢ
504 3160 619 3231 τοιαύτη
645 3163 754 3238 θεωρίᾳ
780 3160 962 3237 χρησάμενον
987 3160 1020 3218 τό
1048 3169 1213 3234 πανοῦργον
1239 3169 1290 3217 τοῦ
1315 3158 1488 3232 γράμματος
1514 3156 1555 3224 είς
1580 3164 1640 3226 φῶς

330 3244 457 3318 ἀγαγεῖν.

414 3399 461 3453 Nr.
475 3402 508 3454 36
527 3399 632 3465 (3031)
650 3396 683 3452 τό
701 3396 754 3466 μέν
773 3389 823 3452 οὖν
842 3396 906 3467 πρό
925 3403 993 3453 τῶν
1012 3393 1149 3452 αἰώνων
1168 3393 1274 3452 αὐτόν
1291 3395 1528 3466 γεγεννῆσθαι
1547 3400 1639 3462 φήσαι,

279 3491 313 3541 311
331 3479 500 3548 ἀκολούθως
526 3481 668 3551 εἰρηκέναι
694 3485 784 3538 δοκεῖ·
814 3480 941 3552 γέννημα
967 3482 1023 3555 γάρ
1046 3480 1079 3537 τό
1101 3480 1248 3554 προελθὸν
1265 3487 1317 3536 τού
1334 3476 1497 3551 προεμένου
1515 3478 1639 3548 γίγνεται

330 3567 445 3639 πατρός.
480 3565 607 3635 θάτερον
633 3558 661 3619 δ’
688 3563 781 3622 οόκέτι
807 3562 893 3636 όγιῶς
919 3559 982 3622 οὐδ’
1004 3562 1127 3637 εὐσεβῶς
1151 3562 1226 3638 αύτῷ
1244 3565 1441 3637 παρείληπται,
1476 3561 1510 3617 τό
1530 3560 1585 3631 γάρ
1602 3562 1639 3629 μή

329 3650 418 3721 λόγον
436 3645 509 3707 εἶναι
535 3657 622 3721 φῆσαι
639 3650 690 3707 τόν
713 3648 744 3717 ἐξ
761 3648 849 3706 αὐτοῦ
866 3650 1048 3725 προελθόντα
1071 3652 1120 3705 καί
1138 3658 1239 3706 τοῦτον
1257 3643 1331 3705 εἶναι
1348 3646 1399 3703 τόν
1416 3652 1466 3715 της
1483 3648 1640 3717 γεννήσεως

330 3733 423 3804 ἀληθῆ
440 3735 557 3806 τρόπον,
576 3728 635 3792 ἀλλ’
654 3730 752 3800 ἁπλῶς
769 3731 845 3791 υλδν
862 3735 984 3805 μζόνον,
1003 3730 1126 3804 έμφασίν
1144 3753 1207 3791 τινα
1220 3741 1279 3798 τοῖς
1291 3730 1444 3790 ἀκούουσιν
1456 3727 1640 3803 ἀνθρωπίνης

331 3815 427 3890 δφεως
444 3818 580 3891 παρέχειν
598 3816 708 3876 εἴωθεν.

419 3987 500 4043 ν-ει
521 3988 568 4052 ευ,
586 3987 698 4041 νι-υο
727 4019 759 4027 -
786 3988 918 4043 10-14
944 3987 988 4049 τι,
1007 3986 1117 4048 11-16;
1136 3985 1270 4041 10-13
1296 3944 1404 4052 (λόγου)
1430 3982 1492 4049 ιον,
1511 3983 1585 4033 3-,·
1606 4010 1637 4019 -

330 4056 458 4110 ισ-νν
475 4056 515 4118 ιο,
533 4056 638 4107 11-20
655 4086 688 4094 -
706 4058 838 4112 νε-νει
855 4056 896 4120 19,
913 4054 1027 4106 νυ-νε
1041 4084 1073 4092 -
1093 4053 1227 4109 29-34
1244 4052 1288 4116 νο,
1306 4050 1383 4105 ε-ε,
1419 4050 1481 4117 106,
1500 4050 1609 4103 30-36

417 4190 435 4244 2
455 4190 497 4246 Pe.
517 4194 575 4258 109,
593 4194 609 4245 3
627 4222 660 4230 -
679 4193 697 4247 5
716 4191 815 4245 Matth.
835 4193 858 4254 1,
876 4191 909 4243 ‘25
927 4219 960 4227 —
979 4190 997 4243 0
1016 4190 1116 4244 Matth.
1135 4189 1159 4254 2,
1177 4189 1194 4241 2
1211 4218 1245 4226 -
1265 4187 1300 4242 ll
1321 4186 1384 4241 Joh.
1405 4187 1507 4252 1,1-
1527 4186 1566 4240 16
1584 4182 1636 4252 vgl.

329 4257 375 4313 Nr.
395 4260 428 4311 λθ
446 4276 470 4312 a.
490 4258 519 4313 Ε,
543 4289 576 4297 -
595 4259 650 4328 vgl.
669 4259 833 4314 Theodoret.
851 4256 877 4310 h.
896 4273 919 4312 ο.
940 4259 962 4321 1,
980 4261 996 4313 5
1015 4287 1048 4295 -
1067 4257 1106 4311 20
1124 4255 1179 4325 vgl.
1198 4253 1245 4310 Nr.
1267 4256 1298 4311 18

416 4390 583 4462 θτετέχθαι
601 4393 682 4448 Ὴα.
702 4393 746 4456 R.;
764 4412 803 4460 τε,
821 4393 932 4462 τεχθείς
949 4393 990 4444 λ’*
1023 4394 1027 4457 l
1062 4393 1101 4446 10
1117 4409 1148 4447 τε
1166 4400 1199 4450 <
1219 4392 1310 4458 1013
1343 4392 1347 4456 Ι
1380 4389 1416 4444 11
1437 4392 1486 4455 τῆς
1503 4396 1537 4444 <
1556 4386 1635 4449 1οῖ,1

330 4464 333 4481 “
365 4460 512 4531 121ίγων
532 4471 564 4519 <
584 4461 718 4526 v10?‚5
750 4462 754 4529 Ι
788 4462 827 4517 15
845 4458 930 4525 αάτός
947 4479 975 4514 m
994 4460 1090 4523 αἰτοῖς
1108 4459 1132 4511 V
1166 4460 1170 4524 Ι
1203 4454 1426 4523 συνεσταλμένος
1443 4474 1469 4509 m
1490 4458 1570 4523 (νοις
1587 4454 1635 4505 mr]

330 4492 333 4592 1
365 4531 403 4584 10
431 4525 606 4599 ἀπαγγελίας
624 4529 660 4581 1γι
694 4531 697 4595 Ι
731 4531 769 4586 18
796 4527 927 4599 γένυσιν
954 4528 994 4582 Ra
1022 4527 1102 4648 (724
1128 4533 1268 4649 γεννητοῦ
1291 4524 1331 4578 Re
1362 4527 1366 4591 Ι
1399 4523 1437 4579 25
1464 4517 1636 4605 {argos-'W‘e

330 4593 421 4668 έαττῷ
440 4596 463 4648 V
497 4599 501 4664 Ι
533 4594 625 4667 βάθος
642 4597 681 4649 Re
700 4596 821 4662 σκότοςί
876 4593 1005 4660 οπάθος
1072 4596 1076 4662 Ι
1105 4595 1124 4649 θ
1163 4592 1250 4649 αυτόν
1268 4589 1516 4660 παραλέλειπται1
1535 4590 1592 4653 101),
1603 4588 1635 4639 31

330 4668 334 4729 l
365 4666 403 4719 232
421 4664 534 4733 τούτου]
553 4672 584 4727 1-
603 4665 641 4732 μή
661 4664 699 4717 Re
731 4667 735 4729 Ι
768 4666 807 4719 03
825 4659 932 4731 ἁπλῶςή
952 4661 1068 4732 άληθῶς
1086 4663 1142 4727 106,
1161 4664 1195 4716 35
