3728 5508
323 502 361 563 52
911 498 1045 552 Eusebius

322 663 379 727 καὶ
399 653 507 729 πάλιν
528 659 679 747 ἐπιφέρει

386 761 549 847 (Nr.1010)
576 753 631 828 διόι
662 762 767 830 τοῦτο
798 760 860 848 γὰρ
891 767 947 830 καὶ
976 759 1162 844 βασιλεύσει
1192 763 1271 846 [ἵνα]
1299 762 1337 830 ἐν
1363 766 1407 846 τῇ
1429 755 1633 847 ἀνθρωπίνη

385 863 483 945 σαρκί
502 852 693 945 γενόμενος,
716 857 867 942 βασιλεύς
882 887 920 930 τε
941 858 1113 944 καταστάς
1128 859 1183 932 διά
1207 866 1270 931 τοῦ
1293 856 1396 948 λόγου
1411 853 1430 929 ό
1444 854 1635 947 ἀπατηθεὶς

385 951 558 1044 πρότερον
573 955 762 1045 ἄνθρωπος
780 966 912 1031 »πᾶσαν
927 954 1050 1048 άρχίγν(
1068 965 1132 1032 τοῦ
1147 957 1309 1045 διαβόλου
1333 964 1407 1029 »καὶ
1422 955 1565 1048 δύναμιν
1579 964 1633 1027 καί

288 1064 305 1117 b
385 1059 539 1142 ἐξουσίαν
559 1053 790 1146 καταργήσειι.

323 1161 474 1227 τοσαῦτα
494 1164 573 1244 περὶ
595 1160 656 1244 τῆς
670 1154 794 1245 σαρκός
808 1161 872 1228 τού
886 1163 1042 1246 σωτῆρος
1056 1164 1111 1228 καὶ
1127 1156 1266 1229 τούτων
1281 1161 1332 1227 ἐτι
1346 1163 1470 1246 πολλῷ
1489 1163 1632 1228 πλείονα
1651 1174 1686 1228 39

322 1254 441 1339 εἰπάν,
463 1251 572 1344 φήσας
590 1260 595 1344 Ι
615 1284 653 1327 τε
667 1251 775 1346 αὐτὴν
790 1257 875 1327 εἶναι
891 1254 956 1345 τὴν
970 1254 1085 1328 εἰκόνα
1102 1264 1184 1329 »τοῦ
1198 1262 1284 1330 θεοῦ
1306 1263 1369 1329 τοῦ
1392 1252 1559 1343 άοράτου(
1577 1262 1634 1326 καὶ
1652 1272 1696 1329 60

323 1351 387 1426 τόν
407 1350 638 1443 πρωτότοκον
655 1352 782 1444 »πάσης
795 1363 956 1438 κτίσεως(
977 1362 1033 1427 καλ
1055 1354 1268 1440 τὸνβασιλέα
1282 1364 1339 1428 καὶ
1354 1354 1419 1428 τόν
1432 1352 1557 1445 Ἰησοῦν
1578 1361 1634 1425 καί

323 1451 388 1524 τόν
410 1452 562 1543 Χριστόν
582 1461 639 1525 καλ
661 1452 724 1526 τόν
744 1452 925 1543 άγαπητὸν
944 1461 1001 1525 καὶ
1027 1448 1089 1527 όσα
1116 1453 1206 1528 ἄλλα
1231 1462 1426 1542 κατέλεξεν,
1457 1449 1500 1526 δι’
1526 1450 1636 1543 αύτὴν

273 1565 306 1619 10
323 1581 361 1624 τε
383 1558 491 1624 ταῦτα
512 1550 629 1624 πάντα
649 1559 821 1643 κληθῆναι
847 1553 911 1626 τὸν
937 1552 1043 1645 λόγον
1072 1551 1354 1645 ἀποφηνάμενος,
1385 1551 1508 1626 όποῑον
1539 1558 1639 1633 τέλος

323 1648 410 1741 αύτῇ
431 1660 648 1742 περιτίθησιν
669 1649 734 1743 ἤδη
758 1659 932 1743 θεωρῆσαι
954 1650 1078 1743 καιρός.

425 1757 448 1824 4
462 1754 530 1838 (Νι.
544 1759 614 1839 100)
626 1752 686 1824 Διὰ
700 1759 806 1825 τοῦτο
821 1751 884 1842 γὰρ
898 1752 1084 1836 βασιλεύσει
1099 1757 1136 1825 ἐν
1152 1761 1195 1842 τῇ
1210 1750 1416 1842 ἀνθρωπίνη
1431 1758 1529 1840 σαρκί
1544 1749 1637 1840 γενό·
1653 1747 1812 1875 Μβπθῖθλῖ

387 1878 495 1939 μενος,
518 1849 672 1936 βασιλεύς
693 1881 731 1923 τε
752 1851 924 1936 καταστάς
946 1852 1001 1923 διά
1023 1857 1086 1925 τοῦ
1101 1848 1205 1941 λόγου
1225 1848 1450 1942 όάπατηβεὶς
1463 1847 1639 1940 πρότερον
1658 1834 1769 1955 &uffa
1797 1836 1842 1940 ,ἒς

388 1948 575 2039 ἄνθρωπος
599 1958 731 2024 »πᾶσαν
744 1947 869 2042 άρχὴν(
894 1959 958 2024 τοῦ
972 1948 1133 2035 διαβόλου
1157 1959 1230 2024 »καλ
1246 1951 1389 2042 δύναμιν
1410 1958 1466 2023 καὶ
1481 1955 1639 2037 ἐξουσίαν
1657 1957 1713 2018 λος
1729 1958 1769 2022 τῆ
1788 1958 1842 2007 τοῦ

388 2047 621 2138 καταργήσει(.
667 2057 737 2122 »δεῖ
755 2050 819 2141 γὰρ
842 2047 947 2122 αύτδν
969 2049 1174 2139 βασιλεύειν(
1205 2060 1308 2139 φησίν
1338 2050 1432 2140 »άγρι
1458 2041 1500 2120 ού
1528 2046 1570 2120 άν
1592 2055 1640 2137 θῇ
1679 2022 1824 2161 ffiffig

328 2162 333 2179 ¹
387 2147 469 2229 τούς
490 2149 635 2237 ἐχθρούς
656 2146 724 2221 ύπδ
747 2150 828 2233 τούς
848 2148 958 2233 πόδας
978 2146 1116 2222 αύτού(.
1158 2156 1221 2240 τῆς
1243 2157 1363 2223 τοίνυν
1384 2155 1448 2222 τοῦ
1470 2146 1642 2220 δεσπότου
1659 2143 1842 2241 καίτῇραρ-

388 2243 486 2336 ἡμῶν
502 2253 656 2337 Χριστοῦ
670 2258 836 2335 βασιλείας
857 2256 964 2322 τοῦτο
987 2254 1086 2332 τέλος
1107 2249 1193 2321 είναί
1214 2272 1318 2339 φησιν
1341 2244 1360 2320 ό
1382 2246 1470 2336 λερδς
1493 2244 1642 2321 άπδστο·
1659 2222 1840 2360 “fimf

389 2358 458 2430 λος,
482 2344 523 2417 τό
546 2344 662 2420 πάντα
682 2345 896 2438 ὑποταγῆναι
918 2367 991 2432 τοῖς
1011 2356 1113 2420 ποσίν
1135 2346 1249 2422 αύτσύ.

324 2452 381 2516 καὶ
402 2445 486 2535 μετὰ
508 2452 632 2535 βραχέα
654 2451 798 2536 ἐπιλέγει

273 2554 307 2610 00
387 2549 457 2633 (Nr.
481 2552 552 2631 101)
577 2551 737 2636 μέγιστον
763 2543 842 2636 ἡμῖν
867 2544 1053 2637 μυστήριον
1078 2551 1230 2619 ἐνταῦθα
1258 2543 1496 2629 δάπδστολος
1518 2542 1642 2618 άνακα-

390 2644 520 2728 λύπτει,
544 2650 643 2728 τέλος
663 2652 725 2735 μέν
748 2650 881 2717 ἔσεσθαι
905 2643 1048 2732 φάσκων
1070 2653 1131 2736 τῆς
1154 2652 1305 2736 Χριστοῦ
1327 2653 1508 2732 βασιλείας·
1540 2649 1642 2726 τέλος

388 2749 424 2815 δέ
446 2740 537 2826 τότε,
561 2738 647 2816 όταν
668 2742 785 2817 πάντα
806 2741 962 2834 ύποταγῇ
983 2743 1051 2817 ύπὸ
1075 2746 1155 2828 τούς
1175 2742 1286 2829 πόδας
1308 2742 1424 2817 αύτού.

323 2849 380 2914 καὶ
403 2847 453 2914 ἔτι
473 2848 604 2932 μᾶλλον
626 2841 929 2934 ἐπεξεργαζόμενος
950 2842 1015 2917 τὸν
1035 2841 1144 2916 αύτὸν
1166 2841 1270 2933 λόγον
1292 2837 1405 2927 οὕτως
1427 2841 1549 2931 γράφει
1678 2860 1697 2914 2

385 2945 455 3029 (Nr.
478 2950 549 3029 102)
576 2944 705 3032 ἔφαμεν
730 2948 769 3015 ἐν
795 2963 868 3026 τοῖς
894 2940 1103 3033 προάγουσιν
1124 2939 1221 3033 ἡμῶν
1242 2946 1361 3033 ῥητοῖς
1383 2942 1448 3015 τόν
1470 2939 1643 3030 δεσπότην

271 3050 306 3105 25
388 3037 485 3131 ἡμῶν
507 3039 571 3112 τόν
586 3040 737 3129 Χριστόν
751 3038 858 3131 άρχὴν
880 3046 1055 3132 ἐσχηκέναι
1076 3050 1257 3126 βασιλείας,
1279 3047 1318 3114 ἐκ
1340 3049 1415 3113 τῶν
1437 3049 1547 3112 θείων
1564 3068 1644 3129 γρα-

388 3147 468 3228 φῶν
498 3136 709 3225 ἀποδείξεσιν
738 3143 916 3230 χρώμενοι.
960 3145 1053 3212 ἔστιν
1081 3149 1142 3232 μέν
1172 3149 1231 3232 μία
1262 3139 1283 3231 ἡ
1311 3149 1455 3230 λέγουσα
1489 3141 1574 3229 »ἐγώ
1607 3145 1644 3210 δέ

387 3236 604 3329 κατεστάθην
625 3241 778 3324 βασιλεύς
799 3238 856 3312 ὐπ’
878 3236 985 3311 αὐτοῦ
1007 3244 1061 3312 ἐπὶ
1082 3241 1180 3312 Σιδιν
1202 3234 1283 3328 ὄρος
1309 3240 1351 3311 τό
1378 3234 1478 3329 άγιον
1503 3237 1643 3319 αύτούι,

388 3341 486 3425 ἑτέρα
508 3344 546 3409 δέ
569 3334 606 3409 »ό
628 3337 743 3424 κύριος
765 3345 984 3425 ἐβασίλευσεν,
1007 3335 1258 3428 όργιζέσθωσαν
1273 3345 1378 3425 λαοί(,
1400 3347 1457 3411 καὶ
1478 3332 1578 3422 αὖθις
1604 3334 1643 3409 »ό
1678 3352 1697 3405 3

387 3438 504 3525 κύριος
525 3442 746 3525 ἐβασίλευσεν,
774 3435 995 3527 άγαλλιάσθω
1017 3435 1037 3526 ἡ
1058 3445 1128 3528 γῆι.
1171 3444 1226 3509 καί
1253 3433 1346 3522 όλως
1367 3446 1500 3527 μυρίων
1523 3440 1644 3528 ῥητῶν

386 3536 474 3626 πρὸς
495 3545 682 3627 μαρτυρίαν
705 3541 797 3607 ἐστιν
818 3533 1053 3626 εὐπορήσαντα
1075 3546 1187 3624 δεῖξαι,
1207 3543 1265 3611 w
1279 3531 1335 3609 ότι
1350 3535 1457 3627 άρχὴν
1472 3545 1642 3622 βασιλείας

386 3639 527 3725 εἴληφεν
541 3631 560 3706 ό
577 3634 766 3723 ἄνθρωπος
782 3635 836 3706 διὰ
852 3643 916 3707 τού
930 3633 1042 3724 λόγου.
1072 3641 1100 3706 εί
1114 3628 1177 3708 σύν
1191 3640 1333 3726 είληφεν
1348 3633 1457 3726 ἀρχὴν
1472 3644 1644 3722 βασιλείας

385 3734 453 3824 πρό
475 3737 567 3806 ἐτῶν
581 3726 676 3804 όλων
699 3730 740 3804 ού
762 3732 935 3805 πλειόνων
958 3729 1011 3821 <ἢ>
1034 3744 1274 3822 τετρακοσίων,
1297 3732 1397 3807 ούδέν
1428 3732 1641 3824 παράδοξον,

387 3837 417 3904 εί
438 3830 503 3903 τόν
523 3830 590 3918 πρό
613 3824 723 3913 οὕτως
745 3826 862 3920 όλίγου
881 3830 1008 3920 χρόνου
1028 3839 1090 3920 τῆς
1111 3842 1278 3919 βασιλείας
1300 3833 1428 3922 ταύτης
1450 3831 1602 3923 τυχόντα
1623 3828 1643 3903 ό

409 4100 541 4156 λΙΚοι.
561 4103 601 4165 15,
619 4100 653 4154 24
670 4129 703 4138 -
733 4099 849 4157 211101,
868 4105 891 4163 1,
911 4104 988 4155 15-
1008 4100 1129 4170 mvgl.
1147 4101 1249 4157 Nr.83.
1267 4105 1344 4158 4-7.
1362 4104 1396 4157 37
1423 4133 1457 4141 -
1487 4102 1644 4158 1411101.

323 4200 409 4269 16,24
426 4230 460 4241 -
479 4199 630 4257 1511101.
650 4202 690 4263 15,
709 4202 742 4255 26
761 4228 793 4238 -
812 4200 914 4256 εσΡε.
933 4203 956 4268 2,
976 4202 1041 4255 6-
1062 4203 1223 4268 081008,
1243 4202 1433 4266 1-Ρε.96,
1453 4207 1466 4258 1

408 4450 426 4504 2
453 4446 612 4520 βασιλεύσει
635 4447 682 4503 Μο
708 4444 763 4517 ng
790 4446 817 4501 Z.
836 4448 869 4501 12
898 4446 1057 4517 βασιλεύειν
1081 4443 1130 4504 ἳνα
1158 4450 1182 4503 V
1219 4451 1224 4519 Ι
1258 4451 1275 4506 0
1302 4447 1463 4522 ἀπατηθείς
1490 4454 1518 4509 Ζ.
1537 4457 1570 4510 13
1597 4473 1644 4510 κε·

321 4550 468 4614 νωθελςλί
496 4550 500 4616 Ι
527 4543 738 4618 διαταρύὴσει
756 4549 783 4601 Z.
802 4550 834 4603 15
851 4548 1059 4619 mapyq'qu
1084 4552 1089 4616 Ι
1117 4549 1154 4604 12
1176 4549 1338 4622 βασιλεύσει
1356 4552 1396 4606 V²
1417 4551 1581 4626 βασιλεύειν
1601 4557 1644 4609 V*

324 4652 327 4717 Ι
360 4651 397 4707 17
417 4657 503 4705 τοῦτο
520 4665 534 4700 r
552 4638 586 4702 ού
603 4645 636 4702 τδ
655 4648 679 4701 V
699 4641 774 4702 σύτω
791 4660 833 4701 mr
860 4650 865 4716 1
888 4649 926 4703 ⁸2
944 4646 961 4717 ἢ
979 4647 1043 4704 and.
1061 4649 1100 4704 st.
