3728 5508
344 460 362 520 8
932 447 1066 504 Eusebius

344 608 452 701 νόμον
470 607 529 683 »δι
545 607 717 700 ἀγγέλων(
736 608 946 699 ἀνθρώποις.
976 640 995 682 ο
978 605 1052 699 “δῆ
1067 607 1236 682 διδάσκων
1252 614 1287 693 ἐξ
1301 612 1432 678 ἐκείνου
1447 604 1528 687 τοῦς
1542 606 1654 694 ἀγνῶ-

344 742 405 795 τας
426 717 483 782 καί
505 708 646 800 ἀμαθεῖς
668 717 736 801 τῆς
751 740 814 782 του
798 716 909 783 υίοῦ
930 717 1015 782 θεοῦ
1036 704 1255 796 θεολογίας
1236 738 1255 779 ο
1278 704 1471 787 ἀπόστολος
1486 709 1654 791 ἐπεσφρα·

344 820 454 900 γίζετο
478 816 588 899 λέγων
614 805 650 881 »ό
674 817 709 881 δέ
730 813 899 900 μεσίτης
887 810 963 893 ενὸς
986 807 1049 881 οῦκ
1067 814 1188 881 ἔστινι.
1231 803 1272 878 οῦ
1294 807 1356 897 γὰρ
1383 808 1448 895 ἔχει
1476 804 1579 892 φῦσιν
1600 799 1654 890 ἐφ’

344 908 420 991 ἑνός
443 908 505 981 τόν
527 917 666 998 μεσίτην
688 904 868 999 ὁρίζεσθαι.
913 910 965 981 διὸ
988 902 1091 992 οὗτος
1112 915 1172 998 μὲν
1194 904 1256 979 οῦκ
1278 910 1371 977 ἐστιν
1392 903 1482 986 ἑνός,
1506 910 1596 974 δυεῖν
1618 908 1708 984 δέ33

309 1016 442 1098 ομέσος
464 1005 541 1094 ἐξ
520 1005 683 1097 ἀνάγκης,
715 1005 944 1101 οῦδέτερος”
922 1039 974 1080 ων
995 1000 1187 1082 ἐκείνων
1160 1037 1211 1078 ων
1231 1014 1330 1095 μέσος
1361 1003 1531 1093 τυγχάνει
1563 1028 1656 1075 ωστε

343 1106 426 1198 μήτε
450 1105 556 1180 αῦτὸν
579 1110 664 1179 εἶναι
687 1108 749 1179 τὸν
771 1114 813 1182 ἐπ
815 1118 826 1180 ί
847 1138 993 1181 παντων
1016 1108 1101 1181 θεὸν
1123 1104 1276 1198 ῆγεῖσθιιι
1297 1103 1382 1197 μήτε
1404 1115 1478 1177 τῶν
1498 1099 1656 1193 ἀγγέλων

344 1212 416 1291 ἕνα,
452 1207 590 1281 τούτων
621 1213 656 1279 δὲ
687 1214 790 1297 μέσον
818 1217 873 1279 καί
903 1217 1053 1298 μεσίτην,
1093 1203 1151 1280 ῦτε
1183 1215 1233 1297 τῷ
1269 1215 1374 1293 πατρὶ
1408 1214 1465 1276 καὶ
1502 1201 1657 1293 ἀγγέλοις

342 1307 518 1397 μεσιτεῦει·
541 1304 589 1390 σός
612 1300 654 1378 αῦ
674 1305 789 1391 πάλιν,
813 1302 872 1379 ότε
897 1317 1067 1397 »μεσίτηςι
1086 1315 1215 1396 γίνεται
1233 1311 1335 1377 »θεοῦ
1350 1312 1405 1376 καὶ
1421 1299 1657 1390 ἀνθρώπωνι,

342 1413 441 1496 μέσος
464 1400 515 1476 άιν
538 1408 700 1494 ἐκατέρου
721 1403 900 1495 τάγματος,
924 1404 1106 1494 σῦδέτερόν
1127 1412 1227 1490 ἐστιν,
1242 1399 1326 1495 <αόν>
1345 1412 1480 1495 μεσίτης
1502 1399 1657 1489 ἀπάρχει

293 1531 326 1585 10
344 1499 417 1579 οὔτ’
440 1503 544 1588 αὐτὸς
566 1499 617 1576 άνν
639 1501 658 1576 ό
681 1507 728 1589 εἰς
749 1513 806 1578 καὶ
836 1502 941 1592 μόνος
968 1507 1050 1589 θεὸς
1079 1499 1155 1575 οὗθ’
1186 1500 1313 1594 ὁμοίως
1340 1523 1414 1585 τοῖς
1441 1512 1576 1582 λοιποῖς
1599 1498 1657 1572 ἀν·

342 1606 501 1695 θρώποις
524 1606 721 1693 ἄνθρωπος.
753 1613 786 1675 τί
801 1611 845 1688 δέ,
869 1610 898 1676 εἰ
918 1612 1023 1696 μηδὲν
1046 1604 1193 1687 τούτων,
1216 1600 1238 1692 ἢ
1258 1610 1342 1674 θεοῦ
1362 1601 1552 1692 μονογενὴς
1573 1596 1656 1682 υίός,
1676 1628 1712 1681 34

342 1712 407 1776 νῦν
427 1712 488 1795 μὲν
514 1702 718 1793 ἀνθρώπων
743 1711 797 1775 καὶ
829 1712 914 1777 θεοῦ
942 1715 1076 1795 μεσίτης
1104 1704 1267 1793 γεγονώς,
1296 1699 1473 1789 πρόπαλαι
1505 1708 1540 1772 δὲ
1568 1708 1572 1787 Ι
1600 1705 1656 1771 ἐπὶ
1690 1727 1710 1783 ρ

344 1812 498 1889 Μωσέως
534 1813 620 1876 θεοῦ
655 1811 709 1876 καί
746 1800 900 1893 ἀγγέλων
933 1812 1069 1893 μεσίτης
1103 1801 1284 1892 ῦπάρχων,
1323 1810 1432 1873 ταῦτα
1466 1808 1502 1873 δέ
1538 1798 1658 1883 αὐτοῖς

344 1902 494 1993 γράφων,
519 1897 588 1976 οόδέ
607 1933 655 1992 πη
677 1904 884 1990 παραδιδοὺς
906 1910 994 1992 λέγει
1016 1900 1036 1975 ό
1057 1911 1157 1993 μέγας
1179 1899 1372 1983 ἀπόστολος
1398 1898 1434 1973 »ά
1459 1901 1564 1991 νόμος
1586 1908 1657 1973 δια·

292 2030 325 2082 15
343 2012 455 2093 ταγείς
477 1999 525 2073 δι’
550 2001 704 2092 ἀγγέλων
726 2008 763 2075 ἐν
783 2012 868 2092 χειρί
889 2011 1035 2091 μεσίτου.
1071 2000 1090 2073 ὁ
1113 2010 1148 2074 δὲ
1169 2011 1305 2092 μεσίτης
1326 2001 1403 2083 ἐνὸς
1424 1998 1487 2072 οῦκ
1504 2005 1613 2084 ἐστιν,
1637 1996 1656 2072 ό
1676 2019 1710 2072 35

343 2108 378 2172 δέ
401 2101 482 2185 θεὸς
504 2103 551 2184 είς
573 2109 693 2174 ἐστινε.
734 2101 815 2186 »εἰςι
839 2096 901 2175 οῦν
923 2106 1014 2175 ἐστιν
1037 2099 1056 2174 ό
1081 2099 1209 2186 »θεόςι,
1230 2110 1285 2171 καί
1310 2101 1376 2184 »εἰς
1390 2109 1527 2190 μεσίτης
1551 2106 1654 2171 θεοῦι

291 2254 297 2259 -
344 2231 380 2273 τε
403 2208 554 2272 καὶτῶν
577 2208 734 2289 γενητῶν
754 2200 909 2287 πάντων,
932 2201 973 2274 οῦ
996 2209 1057 2273 νῦν
1080 2198 1264 2290 ἀρξάμενος
1290 2207 1352 2289 τῆς
1374 2207 1548 2289 σωτηρίου
1568 2226 1657 2288 μεσι-

344 2308 444 2383 τείας,
476 2298 564 2372 ἀλλά
597 2310 652 2371 καὶ
674 2299 743 2390 πρό
765 2308 827 2391 τῆς
848 2307 895 2383 εἰς
917 2299 1125 2390 ἀνθρώπους
1151 2298 1257 2370 αὐτοῦ
1283 2308 1502 2387 θεοφανείας,
1540 2298 1658 2386 ὥσπερ

344 2392 406 2471 οῦν
437 2395 456 2471 ό
488 2397 589 2487 λόγος
621 2396 801 2486 ἀπέδειξεν.
844 2399 980 2472 τούτων
1011 2397 1044 2472 δ’
1071 2406 1109 2472 ἐν
1134 2410 1247 2487 βραχεῖ
1273 2398 1443 2483 Γαλάταις
1469 2396 1587 2482 αὐτοῖς
1619 2404 1658 2469 ἐκ
1675 2421 1709 2474 36

292 2518 326 2570 20
342 2497 448 2589 μόνης
470 2506 531 2590 τῆς
552 2499 639 2588 πρὸς
660 2495 786 2582 αῦτοῦς
812 2505 993 2588 ἐπιστολῆς
1014 2507 1297 2587 παρατεθέντων,
1329 2506 1391 2589 τῆς
1418 2528 1455 2569 τε
1481 2507 1657 2589 σωτηρίου

342 2606 490 2681 πίστεως
513 2599 577 2689 τῆν
598 2598 764 2688 μυστικὴν
787 2605 862 2684 [καί]
885 2596 1110 2688 ἀναγέννησιν
1139 2605 1203 2682 »εἰς
1229 2592 1338 2688 ὄνομα
1365 2598 1578 2684 τοῦπατρὸς
1600 2607 1656 2669 καί

344 2705 407 2769 τοῦ
428 2701 503 2768 υίοῦ
523 2704 579 2769 καὶ
602 2705 665 2769 τοῦ
687 2693 786 2786 άγίου
807 2696 1016 2787 πνεύματος(
1040 2697 1257 2788 παρεχούσης,
1279 2705 1334 2767 καί
1356 2696 1444 2787 πρός
1459 2717 1531 2780 τοῖς
1547 2706 1658 2782 θείοις

343 2794 525 2885 ἐγγράφοις
547 2803 609 2885 τῆς
630 2793 698 2868 ἀπὸ
721 2794 882 2883 περάτων
907 2804 968 2887 γῆς
990 2800 1054 2879 ἓως
1079 2795 1240 2886 περάτων
1269 2803 1457 2885 καθολικῆς
1484 2804 1549 2869 τοῦ
1570 2805 1659 2869 θεοῦ

343 2898 522 2984 ἐκκλησίας
544 2895 606 2978 τὰς
627 2892 696 2967 ἀπό
719 2903 793 2966 τῶν
814 2903 921 2966 θείων
943 2904 1086 2984 γραφῶν
1107 2905 1291 2984 μαρτυρίας
1312 2901 1348 2982 ἐξ
1370 2895 1527 2986 ἀγράφου
1547 2925 1658 2984 παρα·

293 3012 326 3066 ‘25
344 2992 471 3074 δόσεως
497 2999 834 3084 ἐπισφραγιζομένης,
866 2992 938 3082 δίρα
970 2994 1091 3066 λοιπόν
1121 3001 1176 3066 καὶ
1207 2994 1268 3077 τὰς
1295 3004 1498 3084 Μαρκέλλου
1530 3002 1659 3067 διασκέ-

345 3104 476 3177 ψασθαι
498 3099 603 3179 λέξεις
624 3101 698 3164 τῶν
720 3122 757 3163 τε
785 3098 1042 3184 ἐπηγγελμένων
1069 3091 1148 3183 ῆμῑν
1177 3093 1239 3176 τὰς
1269 3090 1456 3181 ἀποδείξεις
1485 3091 1659 3185 ἀποσχεῖν,

346 3189 394 3274 σός
422 3189 463 3261 ἀν
492 3190 537 3282 μῆ
575 3221 626 3275 τις
662 3191 726 3263 τὸν
762 3192 869 3281 ἀνδρα
905 3204 1194 3279 συκοφαντεῖσθαι
1228 3193 1315 3281 πρὸς
1350 3190 1450 3283 ῆμιῦν
1481 3202 1660 3284 νομίσειεν.

346 3297 478 3362 σκοποῦ
504 3297 542 3362 δέ
565 3319 624 3377 μοι
649 3297 873 3380 προκειμένου
903 3292 958 3362 διά
987 3298 1138 3379 βραχέων
1169 3297 1313 3381 ἐκφῆναι
1345 3293 1388 3365 τά
1416 3296 1587 3383 εἰρημένα,
1619 3293 1662 3366 οῦ
1680 3310 1712 3363 37

344 3390 455 3473 πάσας
471 3384 675 3479 ἀναλέξομαι
691 3397 754 3463 τοῦ
776 3386 900 3478 ἀνδρὸς
922 3391 983 3473 τὰς
1005 3390 1133 3476 φωνάς,
1156 3388 1275 3480 μόναις
1298 3398 1333 3462 δὲ
1349 3411 1423 3474 ταῖς
1445 3413 1662 3476 συνεκτικαῖς

294 3508 328 3562 30
345 3485 518 3577 χρήσομαι,
540 3489 602 3571 τάς
623 3495 761 3570 πλείους
783 3486 908 3560 ιῦσανεί
928 3490 1092 3577 περιττάς
1113 3497 1167 3559 καί
1190 3490 1246 3561 διὰ
1262 3498 1335 3561 τῶν
1350 3488 1469 3563 αῦτῶν
1481 3494 1663 3582 χωρούσας

345 3583 633 3709 ῦπερθησόμενος
663 3586 730 3674 πρὸ
753 3594 789 3657 δὲ
812 3593 872 3676 τῆς
895 3616 969 3657 των
990 3594 1174 3677 εἰρημένων
1196 3586 1457 3676 ἀποδείξεως
1420 3605 1514 3681 οἶμαι
1535 3599 1664 3664 δεῑνέν

345 3713 500 3771 πρωτοις
522 3692 734 3775 παραστῆσαι
760 3705 832 3767 τοῖς
862 3682 1190 3774 ἐντυγχάνουσιν,ο
1171 3717 1226 3758 οτι
1256 3694 1338 3777 μηδὲ
1365 3688 1427 3772 τὰς
1457 3700 1663 3781 προχείρους

348 3792 453 3870 λέςεις
476 3814 551 3906 τὶων
572 3792 681 3854 θείων
702 3789 801 3874 ξηκρ
804 3793 878 3869 βου
898 3780 1187 3873 ἀναγνωσμάτων,
1211 3782 1259 3868 ιῦς
1282 3785 1325 3857 ἀν
1346 3798 1490 3878 γνωσθῇ
1514 3811 1589 3874 τοῖς
1614 3791 1662 3861 ἔτ’

348 3880 455 3954 αῦτὸν
482 3880 666 3971 ἀγνοοῦσιν
692 3878 811 3966 ὁποῖός
842 3914 893 3966 τις
919 3913 970 3955 ων
1000 3889 1053 3954 ἐπί
1085 3883 1149 3972 τὴν
1181 3892 1253 3956 τιῦν
1284 3890 1472 3977 εἰρημένων
1498 3887 1664 3982 προήχθη

295 4002 329 4056 35
346 3981 487 4072 τόλμαν

436 4215 949 4284 ιαει.ε,ιο-εαα.ε,εο-
976 4217 1534 4286 SlTim.2‚5—14Gal.3,19.20
1561 4229 1665 4284 -ιο

348 4318 446 4372 mim.
465 4319 490 4381 ε,
508 4321 524 4372 5
542 4347 575 4354 -
594 4319 632 4373 ει
652 4319 752 4372 πειτα.
771 4319 812 4381 τε,
830 4320 862 4372 το

433 4501 450 4555 θ
479 4490 521 4554 ὧν
539 4499 576 4553 ΚΙ
594 4499 649 4568 vgl.
669 4500 730 4553 z.5
754 4500 758 4566 1
784 4501 820 4554 17
840 4499 898 4568 καὶ]
917 4508 949 4562 -1-
967 4496 1131 4571 ἀνθρώπων
1148 4506 1197 4559 καί
1214 4523 1241 4559 m
1265 4507 1269 4574 1
1294 4505 1331 4560 21
1351 4508 1401 4561 καί
1420 4507 1467 4578 V¹]
1493 4519 1528 4569 <
1546 4510 1597 4577 Ψ,
1617 4514 1665 4566 etr.

348 4602 387 4654 V²
404 4619 437 4653 w.
457 4617 479 4653 e.
498 4600 553 4653 soh.
581 4604 585 4667 Ι
613 4599 651 4654 22
670 4594 727 4669 πρὸ
746 4600 785 4652 V²
802 4593 874 4670 πρὸς
893 4600 932 4651 V*
