<?xml version="1.0" encoding="UTF-8"?>
<!DOCTYPE html PUBLIC "-//W3C//DTD XHTML 1.0 Transitional//EN"
    "http://www.w3.org/TR/xhtml1/DTD/xhtml1-transitional.dtd">
<html xmlns="http://www.w3.org/1999/xhtml" xml:lang="en" lang="en">
 <head>
  <title>
</title>
<meta http-equiv="Content-Type" content="text/html;charset=utf-8" />
  <meta name='ocr-system' content='tesseract 3.04.00' />
  <meta name='ocr-capabilities' content='ocr_page ocr_carea ocr_par ocr_line ocrx_word'/>
</head>
<body>
  <div class='ocr_page' id='page_1' title='image "./diegriechischen01religoog/diegriechischen01religoog_0108.png"; bbox 0 0 3728 5508; ppageno 0'>
   <div class='ocr_carea' id='block_1_1' title="bbox 381 1397 1677 1591">
    <p class='ocr_par' dir='ltr' id='par_1_1' title="bbox 381 1397 1677 1591">
     <span class='ocr_line' id='line_1_1' title="bbox 381 1397 1677 1493; baseline -0.002 -20"><span class='ocrx_word' id='word_1_1' title='bbox 381 1409 438 1493; x_wconf 83' lang='grc' dir='ltr'><strong><em>Τῷ</em></strong></span> <span class='ocrx_word' id='word_1_2' title='bbox 462 1399 696 1492; x_wconf 80' lang='grc' dir='ltr'><em>τιμιωτάτῳ</em></span> <span class='ocrx_word' id='word_1_3' title='bbox 718 1408 781 1472; x_wconf 86' lang='grc' dir='ltr'><strong><em>καὶ</em></strong></span> <span class='ocrx_word' id='word_1_4' title='bbox 803 1397 993 1490; x_wconf 83' lang='grc' dir='ltr'><strong><em>ἀγαπητῷ</em></strong></span> <span class='ocrx_word' id='word_1_5' title='bbox 1017 1406 1314 1490; x_wconf 83' lang='grc' dir='ltr'><strong><em>συλλειτουργῷ</em></strong></span> <span class='ocrx_word' id='word_1_6' title='bbox 1339 1405 1556 1489; x_wconf 84' lang='grc' dir='ltr'><strong><em>Φλακίλλῳ</em></strong></span> <span class='ocrx_word' id='word_1_7' title='bbox 1639 1415 1677 1471; x_wconf 73' lang='grc'><strong><em>61</em></strong></span> 
     </span>
     <span class='ocr_line' id='line_1_2' title="bbox 677 1497 1259 1591; baseline -0.002 -20"><span class='ocrx_word' id='word_1_8' title='bbox 677 1497 864 1586; x_wconf 76' lang='grc' dir='ltr'><strong><em>Εὐσέβιος</em></strong></span> <span class='ocrx_word' id='word_1_9' title='bbox 885 1506 928 1572; x_wconf 78' lang='grc' dir='ltr'><strong><em>ἐν</em></strong></span> <span class='ocrx_word' id='word_1_10' title='bbox 948 1508 1074 1590; x_wconf 82' lang='grc' dir='ltr'><strong><em>κυρίῳ</em></strong></span> <span class='ocrx_word' id='word_1_11' title='bbox 1096 1507 1259 1591; x_wconf 76' lang='grc' dir='ltr'><strong><em>χαίρειν.</em></strong></span> 
     </span>
    </p>
   </div>
   <div class='ocr_carea' id='block_1_2' title="bbox 262 1696 1626 3087">
    <p class='ocr_par' dir='ltr' id='par_1_2' title="bbox 262 1696 1626 3087">
     <span class='ocr_line' id='line_1_3' title="bbox 396 1696 1620 1792; baseline -0.004 -16"><span class='ocrx_word' id='word_1_12' title='bbox 396 1710 437 1776; x_wconf 70' lang='lat' dir='ltr'><strong><em>El</em></strong></span> <span class='ocrx_word' id='word_1_13' title='bbox 458 1701 545 1791; x_wconf 86' lang='grc' dir='ltr'><strong><em>πρὸς</em></strong></span> <span class='ocrx_word' id='word_1_14' title='bbox 566 1700 632 1792; x_wconf 81' lang='grc' dir='ltr'><strong><em>τὴν</em></strong></span> <span class='ocrx_word' id='word_1_15' title='bbox 653 1699 837 1790; x_wconf 79' lang='grc' dir='ltr'><strong><em>ἀδόλεσχον</em></strong></span> <span class='ocrx_word' id='word_1_16' title='bbox 858 1709 913 1772; x_wconf 84' lang='grc' dir='ltr'><strong><em>καὶ</em></strong></span> <span class='ocrx_word' id='word_1_17' title='bbox 935 1708 1090 1792; x_wconf 83' lang='grc' dir='ltr'><strong><em>πολυεπῆ</em></strong></span> <span class='ocrx_word' id='word_1_18' title='bbox 1107 1709 1309 1790; x_wconf 75' lang='grc' dir='ltr'><strong><em>Μαρκέλλου</em></strong></span> <span class='ocrx_word' id='word_1_19' title='bbox 1330 1700 1465 1792; x_wconf 81' lang='grc' dir='ltr'><strong><em>γραφὴν</em></strong></span> <span class='ocrx_word' id='word_1_20' title='bbox 1485 1698 1528 1772; x_wconf 83' lang='grc' dir='ltr'><strong><em>τά</em></strong></span> <span class='ocrx_word' id='word_1_21' title='bbox 1542 1696 1620 1788; x_wconf 78' lang='grc' dir='ltr'><strong><em>παρ’</em></strong></span> 
     </span>
     <span class='ocr_line' id='line_1_4' title="bbox 312 1798 1622 1893; baseline -0.002 -19"><span class='ocrx_word' id='word_1_22' title='bbox 312 1799 410 1893; x_wconf 78' lang='grc' dir='ltr'><strong><em>ἡμῶν</em></strong></span> <span class='ocrx_word' id='word_1_23' title='bbox 431 1807 470 1875; x_wconf 77' lang='grc' dir='ltr'><strong><em>ἐν</em></strong></span> <span class='ocrx_word' id='word_1_24' title='bbox 491 1808 646 1891; x_wconf 80' lang='grc' dir='ltr'><strong><em>βραχέσιν</em></strong></span> <span class='ocrx_word' id='word_1_25' title='bbox 667 1799 819 1891; x_wconf 79' lang='grc' dir='ltr'><strong><em>ἤρκεσεν,</em></strong></span> <span class='ocrx_word' id='word_1_26' title='bbox 851 1799 893 1872; x_wconf 90' lang='grc' dir='ltr'><strong><em>ού</em></strong></span> <span class='ocrx_word' id='word_1_27' title='bbox 917 1802 979 1892; x_wconf 80' lang='grc' dir='ltr'><strong><em>χρὴ</em></strong></span> <span class='ocrx_word' id='word_1_28' title='bbox 1007 1799 1204 1889; x_wconf 80' lang='grc' dir='ltr'><em>θαυμάζειν·</em></span> <span class='ocrx_word' id='word_1_29' title='bbox 1243 1798 1284 1875; x_wconf 91' lang='grc' dir='ltr'><strong><em>ού</em></strong></span> <span class='ocrx_word' id='word_1_30' title='bbox 1314 1800 1376 1891; x_wconf 86' lang='grc' dir='ltr'><strong><em>γάρ</em></strong></span> <span class='ocrx_word' id='word_1_31' title='bbox 1407 1802 1448 1891; x_wconf 79' lang='grc' dir='ltr'><strong><em>δὴ</em></strong></span> <span class='ocrx_word' id='word_1_32' title='bbox 1479 1806 1622 1873; x_wconf 78' lang='grc' dir='ltr'><strong><em>πολλῶν</em></strong></span> 
     </span>
     <span class='ocr_line' id='line_1_5' title="bbox 279 1898 1623 1992; baseline -0.006 -14"><span class='ocrx_word' id='word_1_33' title='bbox 279 1907 380 1978; x_wconf 77' lang='grc' dir='ltr'><strong><em>δίδει</em></strong></span> <span class='ocrx_word' id='word_1_34' title='bbox 401 1901 516 1992; x_wconf 90' lang='grc' dir='ltr'><strong><em>λύγων</em></strong></span> <span class='ocrx_word' id='word_1_35' title='bbox 537 1900 624 1991; x_wconf 85' lang='grc' dir='ltr'><strong><em>πρὸς</em></strong></span> <span class='ocrx_word' id='word_1_36' title='bbox 645 1898 848 1991; x_wconf 76' lang='grc' dir='ltr'><strong><em>ἀνατροπὴν</em></strong></span> <span class='ocrx_word' id='word_1_37' title='bbox 870 1909 944 1974; x_wconf 80' lang='grc' dir='ltr'><strong><em>τῶν</em></strong></span> <span class='ocrx_word' id='word_1_38' title='bbox 970 1898 1120 1974; x_wconf 88' lang='grc' dir='ltr'><strong><em>αύτύθεν</em></strong></span> <span class='ocrx_word' id='word_1_39' title='bbox 1149 1907 1205 1973; x_wconf 79' lang='grc' dir='ltr'><strong><em>καὶ</em></strong></span> <span class='ocrx_word' id='word_1_40' title='bbox 1235 1920 1309 1984; x_wconf 80' lang='grc' dir='ltr'><strong><em>τοῖς</em></strong></span> <span class='ocrx_word' id='word_1_41' title='bbox 1339 1907 1498 1990; x_wconf 84' lang='grc' dir='ltr'><strong><em>τυχοῦσιν</em></strong></span> <span class='ocrx_word' id='word_1_42' title='bbox 1527 1928 1623 1971; x_wconf 87' lang='grc' dir='ltr'><strong><em>κατε-</em></strong></span> 
     </span>
     <span class='ocr_line' id='line_1_6' title="bbox 313 1999 1623 2092; baseline -0.002 -20"><span class='ocrx_word' id='word_1_43' title='bbox 313 2008 529 2092; x_wconf 79' lang='grc' dir='ltr'><strong><em>γνωσμένων.</em></strong></span> <span class='ocrx_word' id='word_1_44' title='bbox 574 1999 626 2074; x_wconf 83' lang='grc' dir='ltr'><strong><em>διὸ</em></strong></span> <span class='ocrx_word' id='word_1_45' title='bbox 648 2002 689 2089; x_wconf 81' lang='grc' dir='ltr'><strong><em>δὴ</em></strong></span> <span class='ocrx_word' id='word_1_46' title='bbox 712 2005 749 2073; x_wconf 77' lang='grc' dir='ltr'><strong><em>ἐν</em></strong></span> <span class='ocrx_word' id='word_1_47' title='bbox 772 2006 843 2072; x_wconf 84' lang='grc' dir='ltr'><strong><em>δυσὶ</em></strong></span> <span class='ocrx_word' id='word_1_48' title='bbox 866 2020 939 2085; x_wconf 80' lang='grc' dir='ltr'><strong><em>τοῖς</em></strong></span> <span class='ocrx_word' id='word_1_49' title='bbox 960 2001 1114 2092; x_wconf 80' lang='grc' dir='ltr'><strong><em>πρώτοις</em></strong></span> <span class='ocrx_word' id='word_1_50' title='bbox 1141 2002 1229 2092; x_wconf 84' lang='grc' dir='ltr'><strong><em>μάνη</em></strong></span> <span class='ocrx_word' id='word_1_51' title='bbox 1260 2009 1303 2091; x_wconf 80' lang='grc' dir='ltr'><strong><em>τῇ</em></strong></span> <span class='ocrx_word' id='word_1_52' title='bbox 1333 2007 1519 2088; x_wconf 81' lang='grc' dir='ltr'><strong><em>παραθέσει</em></strong></span> <span class='ocrx_word' id='word_1_53' title='bbox 1550 2006 1623 2071; x_wconf 81' lang='grc' dir='ltr'><strong><em>τῶν</em></strong></span> 
     </span>
     <span class='ocr_line' id='line_1_7' title="bbox 312 2095 1624 2192; baseline -0.004 -19"><span class='ocrx_word' id='word_1_54' title='bbox 312 2107 377 2173; x_wconf 84' lang='grc' dir='ltr'><strong><em>τοῦ</em></strong></span> <span class='ocrx_word' id='word_1_55' title='bbox 397 2100 522 2188; x_wconf 84' lang='grc' dir='ltr'><strong><em>ἀνδρὸς</em></strong></span> <span class='ocrx_word' id='word_1_56' title='bbox 543 2098 705 2191; x_wconf 78' lang='grc' dir='ltr'><strong><em>ῥημάτων</em></strong></span> <span class='ocrx_word' id='word_1_57' title='bbox 726 2097 934 2190; x_wconf 88' lang='grc' dir='ltr'><strong><em>χρησάμενος</em></strong></span> <span class='ocrx_word' id='word_1_58' title='bbox 957 2106 1031 2190; x_wconf 92' lang='grc' dir='ltr'><strong><em>δίχα</em></strong></span> <span class='ocrx_word' id='word_1_59' title='bbox 1051 2098 1161 2191; x_wconf 81' lang='grc' dir='ltr'><strong><em>πάσης</em></strong></span> <span class='ocrx_word' id='word_1_60' title='bbox 1186 2097 1417 2192; x_wconf 76' lang='grc' dir='ltr'><strong><em>ἀντιρρήσεως</em></strong></span> <span class='ocrx_word' id='word_1_61' title='bbox 1443 2105 1479 2186; x_wconf 80' lang='grc' dir='ltr'><strong><em>ἐξ</em></strong></span> <span class='ocrx_word' id='word_1_62' title='bbox 1505 2095 1624 2172; x_wconf 82' lang='grc' dir='ltr'><strong><em>αύτῶν</em></strong></span> 
     </span>
     <span class='ocr_line' id='line_1_8' title="bbox 313 2196 1623 2292; baseline -0.003 -20"><span class='ocrx_word' id='word_1_63' title='bbox 313 2201 377 2274; x_wconf 86' lang='grc' dir='ltr'><strong><em>τὸν</em></strong></span> <span class='ocrx_word' id='word_1_64' title='bbox 399 2197 473 2273; x_wconf 80' lang='grc' dir='ltr'><strong><em>κατ’</em></strong></span> <span class='ocrx_word' id='word_1_65' title='bbox 497 2196 614 2273; x_wconf 85' lang='grc' dir='ltr'><strong><em>αύτων</em></strong></span> <span class='ocrx_word' id='word_1_66' title='bbox 634 2206 691 2275; x_wconf 75' lang='grc'><strong><em>48’</em></strong></span> <span class='ocrx_word' id='word_1_67' title='bbox 705 2202 841 2290; x_wconf 75' lang='grc' dir='ltr'><strong><em>ἔλεγχον</em></strong></span> <span class='ocrx_word' id='word_1_68' title='bbox 864 2199 1015 2292; x_wconf 86' lang='grc' dir='ltr'><strong><em>φανερὸν</em></strong></span> <span class='ocrx_word' id='word_1_69' title='bbox 1036 2198 1229 2290; x_wconf 78' lang='grc' dir='ltr'><strong><em>ἐποιούμην.</em></strong></span> <span class='ocrx_word' id='word_1_70' title='bbox 1265 2208 1340 2273; x_wconf 84' lang='grc' dir='ltr'><strong><em>νυνὶ</em></strong></span> <span class='ocrx_word' id='word_1_71' title='bbox 1356 2206 1391 2272; x_wconf 80' lang='grc' dir='ltr'><strong><em>δὲ</em></strong></span> <span class='ocrx_word' id='word_1_72' title='bbox 1411 2199 1498 2286; x_wconf 85' lang='grc' dir='ltr'><strong><em>πρὸς</em></strong></span> <span class='ocrx_word' id='word_1_73' title='bbox 1512 2202 1623 2285; x_wconf 76' lang='grc' dir='ltr'><strong><em>ἐκείνη</em></strong></span> 
     </span>
     <span class='ocr_line' id='line_1_9' title="bbox 314 2295 1624 2394; baseline -0.004 -21"><span class='ocrx_word' id='word_1_74' title='bbox 314 2308 357 2390; x_wconf 81' lang='grc' dir='ltr'><strong><em>τῇ</em></strong></span> <span class='ocrx_word' id='word_1_75' title='bbox 381 2301 483 2394; x_wconf 81' lang='grc' dir='ltr'><strong><em>φώρρ</em></strong></span> <span class='ocrx_word' id='word_1_76' title='bbox 503 2307 558 2371; x_wconf 87' lang='grc' dir='ltr'><strong><em>καὶ</em></strong></span> <span class='ocrx_word' id='word_1_77' title='bbox 581 2298 646 2389; x_wconf 81' lang='grc' dir='ltr'><strong><em>τὴν</em></strong></span> <span class='ocrx_word' id='word_1_78' title='bbox 668 2295 870 2390; x_wconf 81' lang='grc' dir='ltr'><strong><em>ἀνατροπὴν</em></strong></span> <span class='ocrx_word' id='word_1_79' title='bbox 893 2306 967 2371; x_wconf 80' lang='grc' dir='ltr'><strong><em>τῶν</em></strong></span> <span class='ocrx_word' id='word_1_80' title='bbox 989 2296 1106 2372; x_wconf 79' lang='grc' dir='ltr'><strong><em>αύτῶν</em></strong></span> <span class='ocrx_word' id='word_1_81' title='bbox 1121 2299 1175 2373; x_wconf 82' lang='grc' dir='ltr'><strong><em>διὰ</em></strong></span> <span class='ocrx_word' id='word_1_82' title='bbox 1191 2307 1299 2387; x_wconf 82' lang='grc' dir='ltr'><strong><em>τριῶν</em></strong></span> <span class='ocrx_word' id='word_1_83' title='bbox 1320 2307 1394 2371; x_wconf 80' lang='grc' dir='ltr'><strong><em>τῶν</em></strong></span> <span class='ocrx_word' id='word_1_84' title='bbox 1415 2297 1499 2389; x_wconf 89' lang='grc' dir='ltr'><strong><em>μετά</em></strong></span> <span class='ocrx_word' id='word_1_85' title='bbox 1513 2316 1624 2387; x_wconf 82' lang='grc' dir='ltr'><strong><em>χεῖρας</em></strong></span> 
     </span>
     <span class='ocr_line' id='line_1_10' title="bbox 262 2394 1624 2491; baseline -0.003 -20"><span class='ocrx_word' id='word_1_86' title='bbox 262 2418 296 2473; x_wconf 87' lang='grc'><strong><em>10</em></strong></span> <span class='ocrx_word' id='word_1_87' title='bbox 314 2397 540 2491; x_wconf 81' lang='grc' dir='ltr'><strong><em>προσήγαγον.</em></strong></span> <span class='ocrx_word' id='word_1_88' title='bbox 584 2394 603 2471; x_wconf 84' lang='grc' dir='ltr'><strong><em>δ</em></strong></span> <span class='ocrx_word' id='word_1_89' title='bbox 624 2406 686 2490; x_wconf 77' lang='grc' dir='ltr'><strong><em>μὲν</em></strong></span> <span class='ocrx_word' id='word_1_90' title='bbox 708 2399 770 2489; x_wconf 84' lang='grc' dir='ltr'><strong><em>γάρ</em></strong></span> <span class='ocrx_word' id='word_1_91' title='bbox 793 2401 830 2471; x_wconf 70' lang='grc' dir='ltr'><strong><em>ἓν</em></strong></span> <span class='ocrx_word' id='word_1_92' title='bbox 852 2429 885 2472; x_wconf 90' lang='grc' dir='ltr'><strong><em>τι</em></strong></span> <span class='ocrx_word' id='word_1_93' title='bbox 906 2398 1088 2491; x_wconf 81' lang='grc' dir='ltr'><strong><em>διωλύγιον</em></strong></span> <span class='ocrx_word' id='word_1_94' title='bbox 1108 2408 1164 2472; x_wconf 85' lang='grc' dir='ltr'><strong><em>καὶ</em></strong></span> <span class='ocrx_word' id='word_1_95' title='bbox 1190 2404 1407 2484; x_wconf 75' lang='grc' dir='ltr'><strong><em>πολυπλανὲς</em></strong></span> <span class='ocrx_word' id='word_1_96' title='bbox 1429 2397 1624 2489; x_wconf 90' lang='grc' dir='ltr'><strong><em>σύγγραμμα</em></strong></span> 
     </span>
     <span class='ocr_line' id='line_1_11' title="bbox 315 2495 976 2589; baseline 0 -18"><span class='ocrx_word' id='word_1_97' title='bbox 315 2500 481 2586; x_wconf 79' lang='grc' dir='ltr'><strong><em>συντάξας</em></strong></span> <span class='ocrx_word' id='word_1_98' title='bbox 503 2495 608 2571; x_wconf 84' lang='grc' dir='ltr'><strong><em>τοῦτό</em></strong></span> <span class='ocrx_word' id='word_1_99' title='bbox 631 2522 735 2588; x_wconf 82' lang='grc' dir='ltr'><strong><em>φησιν</em></strong></span> <span class='ocrx_word' id='word_1_100' title='bbox 754 2506 976 2589; x_wconf 80' lang='grc' dir='ltr'><strong><em>πεποιηκέναι</em></strong></span> 
     </span>
     <span class='ocr_line' id='line_1_12' title="bbox 377 2596 1073 2688; baseline 0.006 -19"><span class='ocrx_word' id='word_1_101' title='bbox 377 2602 446 2686; x_wconf 88' lang='lat' dir='ltr'>(Nr.</span> <span class='ocrx_word' id='word_1_102' title='bbox 466 2606 535 2687; x_wconf 84' lang='lat'>115)</span> <span class='ocrx_word' id='word_1_103' title='bbox 559 2599 614 2671; x_wconf 86' lang='grc' dir='ltr'><strong><em>διά</em></strong></span> <span class='ocrx_word' id='word_1_104' title='bbox 637 2596 678 2670; x_wconf 86' lang='grc' dir='ltr'><strong><em>τὸ</em></strong></span> <span class='ocrx_word' id='word_1_105' title='bbox 702 2600 759 2669; x_wconf 71' lang='grc' dir='ltr'><strong><em>ἕνα</em></strong></span> <span class='ocrx_word' id='word_1_106' title='bbox 781 2607 958 2688; x_wconf 78' lang='grc' dir='ltr'><strong><em>γνωρίζειν</em></strong></span> <span class='ocrx_word' id='word_1_107' title='bbox 978 2599 1073 2686; x_wconf 83' lang='grc' dir='ltr'><strong><em>θεόν,</em></strong></span> 
     </span>
     <span class='ocr_line' id='line_1_13' title="bbox 314 2694 1625 2790; baseline -0.002 -20"><span class='ocrx_word' id='word_1_108' title='bbox 314 2695 359 2787; x_wconf 80' lang='grc' dir='ltr'><strong><em>μή</em></strong></span> <span class='ocrx_word' id='word_1_109' title='bbox 381 2727 430 2788; x_wconf 91' lang='grc' dir='ltr'><strong><em>πη</em></strong></span> <span class='ocrx_word' id='word_1_110' title='bbox 454 2695 545 2786; x_wconf 87' lang='grc' dir='ltr'><strong><em>λάθη</em></strong></span> <span class='ocrx_word' id='word_1_111' title='bbox 568 2705 619 2789; x_wconf 83' lang='grc' dir='ltr'><strong><em>τῷ</em></strong></span> <span class='ocrx_word' id='word_1_112' title='bbox 641 2701 704 2788; x_wconf 80' lang='grc' dir='ltr'><strong><em>υίῷ</em></strong></span> <span class='ocrx_word' id='word_1_113' title='bbox 727 2705 791 2771; x_wconf 83' lang='grc' dir='ltr'><strong><em>τοῦ</em></strong></span> <span class='ocrx_word' id='word_1_114' title='bbox 813 2707 897 2773; x_wconf 86' lang='grc' dir='ltr'><strong><em>θεοῦ</em></strong></span> <span class='ocrx_word' id='word_1_115' title='bbox 918 2700 1034 2790; x_wconf 82' lang='grc' dir='ltr'><strong><em>χώραν</em></strong></span> <span class='ocrx_word' id='word_1_116' title='bbox 1049 2700 1161 2784; x_wconf 83' lang='grc' dir='ltr'><strong><em>διδούς</em></strong></span> <span class='ocrx_word' id='word_1_117' title='bbox 1175 2695 1397 2781; x_wconf 77' lang='grc' dir='ltr'><strong><em>ὑποστάσεως</em></strong></span> <span class='ocrx_word' id='word_1_118' title='bbox 1417 2698 1542 2769; x_wconf 76' lang='grc' dir='ltr'><strong><em>διελών</em></strong></span> <span class='ocrx_word' id='word_1_119' title='bbox 1560 2694 1625 2785; x_wconf 79' lang='grc' dir='ltr'><strong><em>τὴν</em></strong></span> 
     </span>
     <span class='ocr_line' id='line_1_14' title="bbox 315 2793 1625 2889; baseline 0 -22"><span class='ocrx_word' id='word_1_120' title='bbox 315 2795 459 2888; x_wconf 81' lang='grc' dir='ltr'><strong><em>γραφήν.</em></strong></span> <span class='ocrx_word' id='word_1_121' title='bbox 502 2793 594 2887; x_wconf 77' lang='grc' dir='ltr'><strong><em>ἡμεῖς</em></strong></span> <span class='ocrx_word' id='word_1_122' title='bbox 615 2803 651 2868; x_wconf 76' lang='grc' dir='ltr'><strong><em>δὲ</em></strong></span> <span class='ocrx_word' id='word_1_123' title='bbox 673 2796 737 2885; x_wconf 81' lang='grc' dir='ltr'><strong><em>τὴν</em></strong></span> <span class='ocrx_word' id='word_1_124' title='bbox 758 2806 929 2889; x_wconf 81' lang='grc' dir='ltr'><strong><em>παναγίαν</em></strong></span> <span class='ocrx_word' id='word_1_125' title='bbox 955 2806 1010 2870; x_wconf 87' lang='grc' dir='ltr'><strong><em>καὶ</em></strong></span> <span class='ocrx_word' id='word_1_126' title='bbox 1041 2806 1283 2887; x_wconf 86' lang='grc' dir='ltr'><strong><em>τρισμακαρίαν</em></strong></span> <span class='ocrx_word' id='word_1_127' title='bbox 1310 2804 1478 2887; x_wconf 83' lang='grc' dir='ltr'><strong><em>τιμῶντες</em></strong></span> <span class='ocrx_word' id='word_1_128' title='bbox 1504 2793 1625 2885; x_wconf 80' lang='grc' dir='ltr'><strong><em>τριάδα</em></strong></span> 
     </span>
     <span class='ocr_line' id='line_1_15' title="bbox 263 2893 1625 2988; baseline -0.001 -20"><span class='ocrx_word' id='word_1_129' title='bbox 263 2915 297 2969; x_wconf 79' lang='lat'><strong><em>15</em></strong></span> <span class='ocrx_word' id='word_1_130' title='bbox 317 2901 354 2967; x_wconf 85' lang='grc' dir='ltr'><strong><em>ίν</em></strong></span> <span class='ocrx_word' id='word_1_131' title='bbox 385 2894 563 2980; x_wconf 81' lang='grc' dir='ltr'><strong><em>τοσούτοις</em></strong></span> <span class='ocrx_word' id='word_1_132' title='bbox 594 2896 659 2985; x_wconf 81' lang='grc' dir='ltr'><strong><em>τὴν</em></strong></span> <span class='ocrx_word' id='word_1_133' title='bbox 688 2904 803 2969; x_wconf 81' lang='grc' dir='ltr'><strong><em>πᾶσαν</em></strong></span> <span class='ocrx_word' id='word_1_134' title='bbox 832 2896 1000 2971; x_wconf 88' lang='grc' dir='ltr'><strong><em>ύπύθεσιν</em></strong></span> <span class='ocrx_word' id='word_1_135' title='bbox 1034 2896 1296 2988; x_wconf 81' lang='grc' dir='ltr'><strong><em>συνειλήφαμεν,</em></strong></span> <span class='ocrx_word' id='word_1_136' title='bbox 1334 2893 1528 2985; x_wconf 80' lang='grc' dir='ltr'><strong><em>φεισάμενοι</em></strong></span> <span class='ocrx_word' id='word_1_137' title='bbox 1564 2902 1625 2984; x_wconf 76' lang='grc' dir='ltr'><strong><em>μὲν</em></strong></span> 
     </span>
     <span class='ocr_line' id='line_1_16' title="bbox 314 2993 1626 3087; baseline 0.002 -22"><span class='ocrx_word' id='word_1_138' title='bbox 314 3002 532 3084; x_wconf 81' lang='grc' dir='ltr'><strong><em>πολυλογίας,</em></strong></span> <span class='ocrx_word' id='word_1_139' title='bbox 555 3000 593 3067; x_wconf 76' lang='grc' dir='ltr'><strong><em>ἐν</em></strong></span> <span class='ocrx_word' id='word_1_140' title='bbox 614 2993 790 3087; x_wconf 77' lang='grc' dir='ltr'><strong><em>ἐπιτόμοις</em></strong></span> <span class='ocrx_word' id='word_1_141' title='bbox 812 3005 847 3071; x_wconf 77' lang='grc' dir='ltr'><strong><em>δὲ</em></strong></span> <span class='ocrx_word' id='word_1_142' title='bbox 869 3008 925 3070; x_wconf 85' lang='grc' dir='ltr'><strong><em>καί</em></strong></span> <span class='ocrx_word' id='word_1_143' title='bbox 946 3003 1100 3085; x_wconf 81' lang='grc' dir='ltr'><strong><em>βραχέσιν</em></strong></span> <span class='ocrx_word' id='word_1_144' title='bbox 1123 2996 1186 3086; x_wconf 78' lang='grc' dir='ltr'><strong><em>τὴν</em></strong></span> <span class='ocrx_word' id='word_1_145' title='bbox 1209 2993 1321 3087; x_wconf 84' lang='grc' dir='ltr'><strong><em>ἀληθῆ</em></strong></span> <span class='ocrx_word' id='word_1_146' title='bbox 1345 2993 1626 3085; x_wconf 81' lang='grc' dir='ltr'><strong><em>παραστήσαντες</em></strong></span> 
     </span>
    </p>
   </div>
   <div class='ocr_carea' id='block_1_3' title="bbox 263 3089 1627 3584">
    <p class='ocr_par' dir='ltr' id='par_1_3' title="bbox 263 3089 1627 3584">
     <span class='ocr_line' id='line_1_17' title="bbox 314 3089 1626 3187; baseline -0.002 -22"><span class='ocrx_word' id='word_1_147' title='bbox 314 3102 505 3183; x_wconf 78' lang='grc' dir='ltr'><strong><em>θεολογίαν.</em></strong></span> <span class='ocrx_word' id='word_1_148' title='bbox 554 3098 582 3166; x_wconf 88' lang='grc' dir='ltr'><strong><em>εί</em></strong></span> <span class='ocrx_word' id='word_1_149' title='bbox 611 3102 674 3185; x_wconf 80' lang='grc' dir='ltr'><strong><em>μὲν</em></strong></span> <span class='ocrx_word' id='word_1_150' title='bbox 703 3089 765 3168; x_wconf 88' lang='grc' dir='ltr'><strong><em>ούν</em></strong></span> <span class='ocrx_word' id='word_1_151' title='bbox 796 3093 975 3185; x_wconf 88' lang='grc' dir='ltr'><strong><em>αύτάρκως</em></strong></span> <span class='ocrx_word' id='word_1_152' title='bbox 1005 3098 1069 3186; x_wconf 83' lang='grc' dir='ltr'><strong><em>ἔχει</em></strong></span> <span class='ocrx_word' id='word_1_153' title='bbox 1101 3098 1144 3168; x_wconf 83' lang='grc' dir='ltr'><strong><em>τά</em></strong></span> <span class='ocrx_word' id='word_1_154' title='bbox 1174 3103 1362 3187; x_wconf 79' lang='grc' dir='ltr'><strong><em>γραφέντα,</em></strong></span> <span class='ocrx_word' id='word_1_155' title='bbox 1399 3103 1546 3186; x_wconf 88' lang='grc' dir='ltr'><strong><em>κρίνειας</em></strong></span> <span class='ocrx_word' id='word_1_156' title='bbox 1582 3090 1626 3164; x_wconf 82' lang='grc' dir='ltr'><strong><em>άν</em></strong></span> 
     </span>
     <span class='ocr_line' id='line_1_18' title="bbox 314 3190 1624 3285; baseline 0.001 -22"><span class='ocrx_word' id='word_1_157' title='bbox 314 3190 418 3278; x_wconf 74' lang='grc' dir='ltr'><strong><em>αὐτὸς</em></strong></span> <span class='ocrx_word' id='word_1_158' title='bbox 432 3192 663 3284; x_wconf 78' lang='grc' dir='ltr'><strong><em>ἐντυγχάνων·</em></strong></span> <span class='ocrx_word' id='word_1_159' title='bbox 691 3203 718 3267; x_wconf 91' lang='grc' dir='ltr'><strong><em>εί</em></strong></span> <span class='ocrx_word' id='word_1_160' title='bbox 734 3202 772 3268; x_wconf 81' lang='grc' dir='ltr'><strong><em>δέ</em></strong></span> <span class='ocrx_word' id='word_1_161' title='bbox 785 3225 864 3269; x_wconf 93' lang='grc' dir='ltr'><strong><em>τινα</em></strong></span> <span class='ocrx_word' id='word_1_162' title='bbox 886 3205 1005 3279; x_wconf 82' lang='grc' dir='ltr'><strong><em>λείποι,</em></strong></span> <span class='ocrx_word' id='word_1_163' title='bbox 1028 3204 1084 3266; x_wconf 85' lang='grc' dir='ltr'><strong><em>καί</em></strong></span> <span class='ocrx_word' id='word_1_164' title='bbox 1107 3203 1214 3267; x_wconf 84' lang='grc' dir='ltr'><strong><em>ταῦτα</em></strong></span> <span class='ocrx_word' id='word_1_165' title='bbox 1236 3193 1311 3285; x_wconf 75' lang='grc' dir='ltr'><strong><em>(ἀν)</em></strong></span> <span class='ocrx_word' id='word_1_166' title='bbox 1335 3190 1624 3284; x_wconf 75' lang='grc' dir='ltr'><strong><em>ἀναπληρώσεως,</em></strong></span> 
     </span>
     <span class='ocr_line' id='line_1_19' title="bbox 314 3290 1627 3385; baseline 0 -21"><span class='ocrx_word' id='word_1_167' title='bbox 314 3292 442 3383; x_wconf 82' lang='grc' dir='ltr'><strong><em>δηλαδὴ</em></strong></span> <span class='ocrx_word' id='word_1_168' title='bbox 466 3290 498 3380; x_wconf 80' lang='grc' dir='ltr'><strong><em>[ἀ</em></strong></span> <span class='ocrx_word' id='word_1_169' title='bbox 514 3292 564 3383; x_wconf 78' lang='grc' dir='ltr'><strong><em>δὴ]</em></strong></span> <span class='ocrx_word' id='word_1_170' title='bbox 581 3291 727 3383; x_wconf 84' lang='grc' dir='ltr'><strong><em>ἀδελφὸς</em></strong></span> <span class='ocrx_word' id='word_1_171' title='bbox 742 3291 894 3383; x_wconf 84' lang='grc' dir='ltr'><strong><em>ἀδελφοῦ</em></strong></span> <span class='ocrx_word' id='word_1_172' title='bbox 914 3295 957 3367; x_wconf 87' lang='grc' dir='ltr'><strong><em>τά</em></strong></span> <span class='ocrx_word' id='word_1_173' title='bbox 979 3291 1202 3385; x_wconf 73' lang='grc' dir='ltr'><strong><em>ὑστερήματα,</em></strong></span> <span class='ocrx_word' id='word_1_174' title='bbox 1226 3299 1255 3365; x_wconf 88' lang='grc' dir='ltr'><strong><em>εί</em></strong></span> <span class='ocrx_word' id='word_1_175' title='bbox 1273 3323 1343 3367; x_wconf 88' lang='grc' dir='ltr'><strong><em>που</em></strong></span> <span class='ocrx_word' id='word_1_176' title='bbox 1363 3302 1420 3365; x_wconf 88' lang='grc' dir='ltr'><strong><em>καὶ</em></strong></span> <span class='ocrx_word' id='word_1_177' title='bbox 1441 3300 1627 3381; x_wconf 85' lang='grc' dir='ltr'><strong><em>θεραπείας</em></strong></span> 
     </span>
     <span class='ocr_line' id='line_1_20' title="bbox 263 3389 1011 3483; baseline 0.001 -22"><span class='ocrx_word' id='word_1_178' title='bbox 263 3405 298 3461; x_wconf 78' lang='lat'><strong><em>20</em></strong></span> <span class='ocrx_word' id='word_1_179' title='bbox 314 3397 438 3477; x_wconf 82' lang='grc' dir='ltr'><strong><em>δίοιτο,</em></strong></span> <span class='ocrx_word' id='word_1_180' title='bbox 461 3389 502 3465; x_wconf 81' lang='grc' dir='ltr'><strong><em>δι’</em></strong></span> <span class='ocrx_word' id='word_1_181' title='bbox 526 3395 801 3483; x_wconf 75' lang='grc' dir='ltr'><strong><em>ἐπανορθώσεως</em></strong></span> <span class='ocrx_word' id='word_1_182' title='bbox 823 3394 1011 3481; x_wconf 77' lang='grc' dir='ltr'><strong><em>ἐξιώμενος.</em></strong></span> 
     </span>
     <span class='ocr_line' id='line_1_21' title="bbox 392 3485 1626 3584; baseline -0.001 -21"><span class='ocrx_word' id='word_1_183' title='bbox 392 3488 584 3580; x_wconf 66' lang='grc' dir='ltr'><strong><em>Ἐρρωσθαί</em></strong></span> <span class='ocrx_word' id='word_1_184' title='bbox 605 3518 641 3564; x_wconf 93' lang='grc' dir='ltr'><strong><em>σε</em></strong></span> <span class='ocrx_word' id='word_1_185' title='bbox 663 3499 718 3564; x_wconf 85' lang='grc' dir='ltr'><strong><em>καί</em></strong></span> <span class='ocrx_word' id='word_1_186' title='bbox 739 3492 960 3583; x_wconf 83' lang='grc' dir='ltr'><strong><em>μνημονεύειν</em></strong></span> <span class='ocrx_word' id='word_1_187' title='bbox 974 3522 1040 3583; x_wconf 93' lang='grc' dir='ltr'><strong><em>μου</em></strong></span> <span class='ocrx_word' id='word_1_188' title='bbox 1060 3500 1110 3584; x_wconf 82' lang='grc' dir='ltr'><strong><em>τῷ</em></strong></span> <span class='ocrx_word' id='word_1_189' title='bbox 1133 3500 1238 3583; x_wconf 84' lang='grc' dir='ltr'><strong><em>κυρίῳ</em></strong></span> <span class='ocrx_word' id='word_1_190' title='bbox 1257 3492 1311 3564; x_wconf 87' lang='grc' dir='ltr'><strong><em>διά</em></strong></span> <span class='ocrx_word' id='word_1_191' title='bbox 1333 3490 1465 3576; x_wconf 85' lang='grc' dir='ltr'><strong><em>παντὸς</em></strong></span> <span class='ocrx_word' id='word_1_192' title='bbox 1480 3485 1626 3581; x_wconf 86' lang='grc' dir='ltr'><strong><em>εύχομαι.</em></strong></span> 
     </span>
    </p>
   </div>
   <div class='ocr_carea' id='block_1_4' title="bbox 399 3661 952 3735">
    <p class='ocr_par' dir='ltr' id='par_1_4' title="bbox 399 3661 952 3735">
     <span class='ocr_line' id='line_1_22' title="bbox 399 3661 952 3735; baseline 0 -17"><span class='ocrx_word' id='word_1_193' title='bbox 399 3662 491 3732; x_wconf 74' lang='lat' dir='ltr'>ssvgl.</span> <span class='ocrx_word' id='word_1_194' title='bbox 509 3662 535 3718; x_wconf 83' lang='lat' dir='ltr'><strong><em>s,</em></strong></span> <span class='ocrx_word' id='word_1_195' title='bbox 553 3663 577 3729; x_wconf 85' lang='lat'><strong><em>2,</em></strong></span> <span class='ocrx_word' id='word_1_196' title='bbox 596 3664 680 3719; x_wconf 83' lang='lat'><strong><em>16-</em></strong></span> <span class='ocrx_word' id='word_1_197' title='bbox 700 3664 739 3719; x_wconf 86' lang='grc' dir='ltr'><strong><em>ιο</em></strong></span> <span class='ocrx_word' id='word_1_198' title='bbox 758 3663 811 3735; x_wconf 79' lang='lat' dir='ltr'><strong>vgl.</strong></span> <span class='ocrx_word' id='word_1_199' title='bbox 830 3661 857 3718; x_wconf 85' lang='lat' dir='ltr'><strong><em>s.</em></strong></span> <span class='ocrx_word' id='word_1_200' title='bbox 877 3668 899 3731; x_wconf 91' lang='lat'><strong><em>1,</em></strong></span> <span class='ocrx_word' id='word_1_201' title='bbox 919 3667 952 3718; x_wconf 69' lang='grc' dir='ltr'><strong><em>τι</em></strong></span> 
     </span>
    </p>
   </div>
   <div class='ocr_carea' id='block_1_5' title="bbox 315 3810 1627 3987">
    <p class='ocr_par' dir='ltr' id='par_1_5' title="bbox 315 3810 1627 3987">
     <span class='ocr_line' id='line_1_23' title="bbox 400 3810 1627 3887; baseline 0 -19"><span class='ocrx_word' id='word_1_202' title='bbox 400 3812 566 3880; x_wconf 72' lang='grc' dir='ltr'><strong><em>διιολνεπῆ</em></strong></span> <span class='ocrx_word' id='word_1_203' title='bbox 582 3811 628 3866; x_wconf 86' lang='lat' dir='ltr'><strong><em>Mo</em></strong></span> <span class='ocrx_word' id='word_1_204' title='bbox 646 3812 719 3869; x_wconf 76' lang='grc' dir='ltr'><strong><em>πολὺ</em></strong></span> <span class='ocrx_word' id='word_1_205' title='bbox 737 3810 784 3870; x_wconf 79' lang='grc' dir='ltr'><strong><em>ἐπί</em></strong></span> <span class='ocrx_word' id='word_1_206' title='bbox 801 3816 825 3869; x_wconf 79' lang='lat' dir='ltr'>V</span> <span class='ocrx_word' id='word_1_207' title='bbox 854 3816 859 3883; x_wconf 78' lang='grc'>1</span> <span class='ocrx_word' id='word_1_208' title='bbox 885 3816 906 3871; x_wconf 81' lang='lat'>4</span> <span class='ocrx_word' id='word_1_209' title='bbox 921 3812 1066 3887; x_wconf 76' lang='grc' dir='ltr'><strong><em>βραχέσιν]</em></strong></span> <span class='ocrx_word' id='word_1_210' title='bbox 1085 3820 1117 3877; x_wconf 79' lang='grc'><strong><em>-1-</em></strong></span> <span class='ocrx_word' id='word_1_211' title='bbox 1135 3813 1294 3884; x_wconf 73' lang='grc' dir='ltr'><strong><em>λεχθὲνταλ</em></strong></span> <span class='ocrx_word' id='word_1_212' title='bbox 1320 3815 1325 3881; x_wconf 89' lang='grc' dir='ltr'>Ι</span> <span class='ocrx_word' id='word_1_213' title='bbox 1351 3815 1371 3869; x_wconf 78' lang='grc' dir='ltr'><strong><em>θ</em></strong></span> <span class='ocrx_word' id='word_1_214' title='bbox 1389 3816 1468 3883; x_wconf 88' lang='grc' dir='ltr'><strong><em>φορᾶ</em></strong></span> <span class='ocrx_word' id='word_1_215' title='bbox 1488 3811 1527 3865; x_wconf 81' lang='lat' dir='ltr'><strong><em>V²</em></strong></span> <span class='ocrx_word' id='word_1_216' title='bbox 1553 3814 1557 3869; x_wconf 91' lang='grc'>1</span> <span class='ocrx_word' id='word_1_217' title='bbox 1587 3811 1627 3868; x_wconf 87' lang='lat'><strong><em>18</em></strong></span> 
     </span>
     <span class='ocr_line' id='line_1_24' title="bbox 315 3906 1414 3987; baseline -0.001 -19"><span class='ocrx_word' id='word_1_218' title='bbox 315 3907 352 3968; x_wconf 81' lang='grc' dir='ltr'><strong><em>ἂν</em></strong></span> <span class='ocrx_word' id='word_1_219' title='bbox 371 3912 422 3968; x_wconf 79' lang='lat' dir='ltr'><strong><em>We</em></strong></span> <span class='ocrx_word' id='word_1_220' title='bbox 447 3913 453 3981; x_wconf 94' lang='grc' dir='ltr'>Ι</span> <span class='ocrx_word' id='word_1_221' title='bbox 481 3912 519 3967; x_wconf 76' lang='grc'><strong><em>19</em></strong></span> <span class='ocrx_word' id='word_1_222' title='bbox 538 3906 557 3967; x_wconf 75' lang='grc' dir='ltr'><strong><em>ά</em></strong></span> <span class='ocrx_word' id='word_1_223' title='bbox 575 3914 607 3981; x_wconf 74' lang='grc' dir='ltr'><strong><em>δὴ</em></strong></span> <span class='ocrx_word' id='word_1_224' title='bbox 626 3918 674 3971; x_wconf 74' lang='lat' dir='ltr'><strong><em>etr.</em></strong></span> <span class='ocrx_word' id='word_1_225' title='bbox 693 3916 728 3970; x_wconf 85' lang='lat' dir='ltr'><strong><em>Kl</em></strong></span> <span class='ocrx_word' id='word_1_226' title='bbox 747 3916 812 3987; x_wconf 80' lang='lat' dir='ltr'><strong>(vgl.</strong></span> <span class='ocrx_word' id='word_1_227' title='bbox 831 3915 956 3985; x_wconf 75' lang='lat' dir='ltr'><strong><em>Register</em></strong></span> <span class='ocrx_word' id='word_1_228' title='bbox 972 3918 1054 3970; x_wconf 72' lang='lat' dir='ltr'>nuber</span> <span class='ocrx_word' id='word_1_229' title='bbox 1071 3908 1121 3971; x_wconf 77' lang='grc' dir='ltr'><strong><em>ἅτε</em></strong></span> <span class='ocrx_word' id='word_1_230' title='bbox 1140 3933 1166 3970; x_wconf 89' lang='lat' dir='ltr'><strong><em>u.</em></strong></span> <span class='ocrx_word' id='word_1_231' title='bbox 1184 3915 1299 3984; x_wconf 77' lang='grc' dir='ltr'><strong><em>δηλαδή)</em></strong></span> <span class='ocrx_word' id='word_1_232' title='bbox 1318 3906 1368 3970; x_wconf 59' lang='lat' dir='ltr'><strong><em>{lu</em></strong></span> <span class='ocrx_word' id='word_1_233' title='bbox 1386 3931 1414 3967; x_wconf 87' lang='lat' dir='ltr'><strong>m</strong></span> 
     </span>
    </p>
   </div>
   <div class='ocr_carea' id='block_1_6' title="bbox 0 0 1885 5508">
    <p class='ocr_par' dir='ltr' id='par_1_6' title="bbox 0 0 1885 5508">
     <span class='ocr_line' id='line_1_25' title="bbox 0 0 1885 5508; baseline 0 0"><span class='ocrx_word' id='word_1_234' title='bbox 0 0 1885 5508; x_wconf 95' lang='lat' dir='ltr'><strong><em> </em></strong></span> 
     </span>
    </p>
   </div>
  </div>
 </body>
</html>
