3728 5508
635 491 732 543 contra
749 487 912 543 Mareellum
929 488 955 541 11
974 492 997 542 1.
1016 490 1040 544 2,
1217 522 1221 529 ·
1452 494 1490 557 35

249 654 322 737 (No.
338 658 389 738 42)
411 646 537 723 ούκοῦν
562 650 631 741 πρὸ
660 656 722 736 μὲν
753 656 816 723 τοῦ
844 661 1027 722 κατελθεῖν
1056 657 1111 722 καὶ
1142 648 1197 721 διὰ
1229 655 1289 739 τῆς
1318 655 1494 737 παρθένου

246 757 411 841 τεχθῆναι
432 747 535 839 λόγος
556 742 600 841 ἦν
612 746 729 839 μόνον.
765 753 836 820 ἐπεὶ
852 758 886 823 τί
908 751 1024 837 ἕτερον
1047 741 1090 839 ήν
1111 750 1179 841 πρό
1202 757 1264 821 τοῦ
1278 749 1344 839 τήν
1359 746 1492 837 ἀνθρω·

245 857 352 939 πίνην
365 847 546 937 ἀναλαβεῖν
564 848 672 939 σάρκα
693 847 739 921 τὸ
761 850 966 922 κατελθὸν
990 847 1071 921 »ἐπ’
1095 847 1278 938 ἐσχάτων
1300 857 1382 920 τῶν
1404 845 1492 938 ήμε-

245 957 368 1039 ρῶνι,
404 947 451 1032 σός
487 959 542 1021 καὶ
578 947 682 1033 αύτός
712 956 891 1039 γέγραφεν,
922 957 986 1020 καὶ
1018 948 1086 1037 [τό]
1119 955 1319 1041 γεννηθὲν
1349 953 1391 1019 ἐκ
1421 953 1492 1036 τῆς

156 1061 172 1114 ὕ
244 1056 467 1140 παρθένου;
489 1047 588 1122 ούδὲν
610 1051 729 1138 ἕτερον
749 1040 793 1138 ήν
814 1045 836 1138 ή
857 1045 966 1138 λόγος.

186 1149 255 1220 είτα
284 1151 420 1238 προῖὼν
448 1151 523 1241 ἑξῆς
551 1147 662 1223 ἀίδιον
691 1146 799 1221 αύτὸν
828 1155 930 1238 λέγει,
962 1145 1130 1240 ἀγένητον
1161 1146 1268 1221 αύτὸν
1290 1141 1402 1231 ούτως
1424 1143 1491 1236 όρι·
1524 1156 1542 1212 2

186 1245 330 1338 ζόμενος,
372 1248 491 1338 γράφει
513 1257 549 1322 δὲ
570 1244 683 1334 ούτως

245 1353 315 1435 (Νε.
337 1356 389 1437 48)
420 1346 553 1434 ἀκούεις
583 1359 703 1425 τοίνυν
736 1355 798 1440 τῆς
833 1357 1030 1438 συμφωνίας
1065 1355 1128 1422 τοῦ
1157 1343 1255 1438 ἀγίου
1285 1346 1490 1437 πνεύματος,

244 1447 300 1520 διὰ
321 1456 468 1521 πολλῶν
489 1457 544 1521 καί
567 1446 745 1538 διαφόρων
759 1448 960 1537 προσώπων
982 1457 1025 1538 τῇ
1047 1455 1110 1520 τού
1132 1445 1239 1537 λόγου
1257 1446 1491 1538 μαρτυρούσης

140 1556 170 1612 10
242 1544 426 1639 ἀιδιότητι;
464 1558 520 1620 καὶ
551 1548 606 1621 διὰ
635 1556 740 1621 τοῦτο
769 1548 907 1639 ἄρχεται
934 1556 996 1639 μὲν
1025 1543 1093 1620 ἀπὸ
1123 1554 1186 1638 τῆς
1212 1545 1405 1636 ἀιδιότητος
1429 1553 1491 1619 τοῦ
1523 1560 1540 1615 3

244 1646 362 1736 λόγου·
400 1652 455 1720 »ἐν
477 1644 562 1739 ἀρχῇ
585 1642 628 1739 ήν
650 1644 668 1720 ό
691 1645 809 1737 λόγοςι
847 1653 957 1737 λέγων
989 1654 1061 1719 »καί
1088 1643 1231 1736 όλόγος
1253 1638 1296 1736 ήν
1317 1645 1404 1733 πρὸς
1426 1645 1491 1718 τὸν

243 1744 341 1832 θεόν,
367 1754 423 1819 καὶ
445 1746 527 1831 θεὸς
549 1740 592 1837 ήν
614 1743 633 1820 ό
655 1745 786 1836 λόγοςι.
828 1754 937 1836 τρισίν
963 1745 1167 1839 ἐπαλλήλοις
1188 1753 1384 1836 μαρτυρίαις
1404 1744 1489 1834 χροό-

242 1874 345 1936 μενος
367 1846 434 1937 τήν
455 1844 633 1938 ἀιδιότητα
654 1854 717 1919 τοῦ
738 1844 842 1935 λόγου
863 1846 1032 1920 δεικνύναι
1053 1846 1219 1935 βούλεται

184 1955 238 2017 καὶ
258 1943 336 2037 μεθ’
360 1947 458 2036 έτερα
479 1950 623 2036 ἐπιλέγει

139 2054 168 2108 15
244 2050 315 2165 (ri.
330 2057 371 2120 43
384 2081 432 2167 =3
441 2053 493 2133 81)
515 2045 686 2136 πρότερον
713 2044 785 2136 γάρ,
808 2044 923 2136 ὥσπερ
944 2044 1110 2129 πολλάκις
1132 2048 1228 2135 ἔφην,
1251 2041 1351 2117 οὐδὲν
1374 2045 1492 2134 ἕτερον

244 2141 393 2235 ηλόγος
415 2175 466 2235 ην.

183 2251 236 2315 καί
251 2253 491 2336 προστίθησιν,
508 2239 563 2317 ότι
578 2243 657 2318 ούδὲ
674 2247 811 2317 νείκεόνι
826 2237 869 2335 ἦν
882 2252 963 2317 »τοῦ
977 2251 1063 2316 θεοῦ
1077 2250 1141 2317 τοῦ
1156 2240 1338 2332 άοράτουι,
1349 2242 1493 2331 φάσκων
1524 2259 1542 2311 4

245 2349 385 2432 (Nr.82)
415 2340 541 2417 ούκοῦν
570 2342 760 2435 πρόδηλον,
791 2339 846 2417 ότι
876 2344 943 2432 πρό
973 2349 1035 2433 τῆς
1061 2350 1124 2414 τοῦ
1151 2339 1314 2433 ήμετίρου
1337 2344 1494 2434 σώματος

244 2441 452 2534 ἀναλήψεως
473 2438 492 2515 ό
515 2442 616 2533 λόγος
637 2440 716 2517 καθ>
731 2443 855 2516 ἑαυτὸν
877 2440 938 2515 ούκ
960 2435 1004 2532 ἦν
1026 2444 1128 2516 εἰκών
1149 2450 1213 2515 τοῦ
1235 2440 1386 2531 ἀοράτου
1401 2449 1493 2516 θεοῦ.

138 2550 168 2605 20
183 2551 235 2614 καί
260 2535 363 2624 αὖθις
383 2540 460 2632 μεθ’
483 2541 580 2632 ἰτεροι
601 2546 753 2632 ἐπιφέρει

246 2647 292 2729 (N
294 2671 318 2712 r.
333 2649 386 2728 49)
402 2651 436 2713 τί
451 2652 572 2715 τοίνυν
586 2635 628 2733 ήν
644 2642 689 2715 τό
704 2640 909 2715 κατελθὸν
931 2648 1037 2714 τοῦτο
1052 2639 1119 2730 πρὸ
1136 2648 1200 2714 τοῦ
1215 2645 1494 2731 ἐνανθρωπήσαι;

244 2741 391 2826 πάντως
405 2741 475 2814 πού
496 2765 612 2833 φησιν·
642 2750 780 2831 πνεῦμα.
817 2748 845 2814 εἰ
859 2739 923 2832 γάρ
946 2771 979 2813 τι
993 2740 1086 2829 παρὰ
1109 2747 1215 2813 τοῦτο
1237 2746 1353 2814 ἐθέλοι
1375 2746 1494 2830 λέγειν,

245 2839 287 2913 ού
323 2839 530 2932 συγχωρήσει
565 2840 661 2933 αύτῷ
696 2838 715 2914 ό
751 2841 836 2931 πρός
872 2841 936 2931 τήν
967 2849 1145 2931 παρθένον
1175 2842 1319 2930 εἰρηκὼς
1355 2840 1495 2931 ἄγγελος

248 2948 400 3031 »πνεῦμα
431 2933 530 3029 άγιον
559 2940 773 3014 ἐπελεύσεται
795 2945 850 3014 ἐπί
879 2967 944 3012 σει.
986 2946 1016 3012 εἰ
1048 2947 1083 3012 δὲ
1114 2947 1246 3031 πνεῦμα
1267 2943 1354 3014 εῖναι
1387 2937 1494 3035 φήσει,
1557 2948 1561 2957 ’

138 3050 168 3106 25
245 3040 351 3113 άκουε
372 3048 435 3113 τοῦ
457 3048 613 3131 σωτήρος
634 3048 795 3132 λέγοντος
820 3048 967 3131 »πνεῦμα
990 3035 1009 3112 ό
1032 3038 1142 3124 θεόςι.

183 3148 305 3227 σαφῶς
319 3143 481 3212 ἐντεῦθεν
496 3147 560 3212 τοῦ
574 3147 728 3232 σωτήρος
747 3147 752 3230 Ι
770 3148 846 3230 περὶ
869 3147 932 3212 τοῦ
953 3138 1085 3229 πατρός
1100 3137 1276 3230 εἰρηκότος
1300 3146 1449 3229 »πνεῦμα
1471 3134 1491 3211 ό
1530 3159 1621 3231 5116

183 3238 296 3324 θεόςε,
312 3244 479 3328 ἐλέγχεται
495 3236 693 3329 Μάρκελλος
707 3237 815 3313 αύτὸν
828 3238 893 3313 τὸν
908 3246 1038 3330 πατέρα
1054 3244 1359 3329 ἐνηνθρωπηκέναι
1375 3239 1491 3311 εἰποάν.

182 3332 200 3409 ό
223 3335 260 3412 δ’
282 3339 334 3411 ἐτι
353 3345 488 3428 μᾶλλον
509 3349 746 3428 φιλοτιμεῖται,
768 3336 911 3430 γράφων
933 3330 1000 3411 ὧδε

244 3441 316 3525 (Nr.
332 3445 384 3526 39)
399 3446 454 3509 καὶ
472 3445 680 3528 μανθανέτω
702 3447 823 3511 τοίνυν
844 3445 927 3511 θεοῦ
949 3435 1054 3527 λόγον
1068 3443 1281 3528 ἐληλυθέναι,
1305 3433 1346 3510 ού
1367 3434 1493 3526 λόγον

136 3546 166 3602 30
243 3547 579 3628 καταχρηστικῶς
605 3534 901 3628 ὀνομασθέντα,
932 3536 980 3620 ιός
1003 3533 1101 3609 αύτοί
1131 3561 1249 3624 φασιν,
1279 3533 1355 3610 ἀλλ’
1379 3534 1490 3629 ἀληθῆ

245 3631 333 3709 όντα
355 3634 469 3725 λόγον.

182 3744 236 3808 καὶ
260 3728 361 3819 αὖθις
382 3742 610 3826 προστίθησιν
632 3742 740 3808 ταῦτα
761 3755 834 3820 τοῖς
854 3743 1042 3827 εἰρημένοις
1524 3749 1542 3804 6

247 3840 316 3919 (Nr.
331 3842 383 3922 62)
406 3841 435 3906 εἰ
455 3841 517 3924 μέν
539 3835 602 3926 γάρ
623 3832 643 3926 ή
667 3843 730 3908 τοῦ
750 3834 942 3926 πνεύματος
963 3841 1110 3923 ἐξέτασις
1141 3845 1293 3925 γίγνοιτο
1323 3834 1424 3927 μόνη,
1455 3841 1492 3908 ἐν

246 3941 303 4006 καὶ
325 3930 454 4007 ταύτόν
475 3932 618 4016 εἰκότως
639 3937 724 4007 εἰναι
748 3944 800 4027 τῷ
824 3944 898 4027 θεῷ
923 3945 1096 4023 φαίνοιτο·
1127 3941 1156 4006 εἰ
1178 3942 1213 4007 δὲ
1236 3932 1256 4026 ή
1277 3936 1365 4009 κατὰ
1385 3935 1491 4025 σάρκα

136 4043 167 4097 35
245 4031 429 4123 προσθήκη
451 4037 506 4105 ἐπὶ
529 4040 592 4106 τοῦ
613 4041 768 4124 σωτῆρος
789 4035 995 4123 ἐξετάζοιτο,
1027 4040 1174 4126 ἐνεργείᾳ
1205 4031 1226 4124 ἦ
1255 4035 1382 4126 θεότης
1402 4034 1490 4125 μόνη

245 4131 482 4204 πλατύνεσθαι
504 4139 608 4205 δοκεῖ·
645 4132 733 4206 ὥστε
755 4132 897 4218 εἰκότως
916 4134 1023 4225 μονάς
1046 4128 1159 4218 όντως
1180 4138 1273 4207 ἐστὶν
1295 4132 1489 4222 ἀδιαίρετος.

270 4301 539 4365 suebum-11
560 4304 732 4372 Joh.1,1-
752 4305 787 4360 17
807 4303 1041 4372 K01.1,15-24
1060 4304 1205 4371 Luk.1,35
1224 4334 1256 4345 -
1275 4305 1336 4361 251
1350 4304 1491 4371 Joh.4‚24

271 4450 346 4509 ίτδ
364 4461 397 4511 <
415 4452 477 4508 and
495 4453 533 4508 St.
560 4455 565 4522 Ι
592 4456 611 4511 5
635 4445 783 4525 ήνῆεωθ.
801 4451 877 4523 SM?
899 4451 915 4509 δ
934 4455 959 4507 V
986 4455 991 4520 Ι
1018 4453 1133 4510 10-18
1159 4456 1262 4509 καλ-
1287 4452 1422 4527 βούλεται
1449 4455 1491 4510 εἰσ

185 4549 327 4608 Eusebiun’
345 4551 443 4609 Worte
460 4572 517 4625 mg
542 4557 547 4624 Ι
574 4554 614 4611 24
641 4572 708 4625 φησι
731 4554 794 4609 and.
817 4555 855 4609 st„
882 4558 888 4623 Ι
915 4556 953 4612 26
978 4556 998 4611 1.
1025 4552 1170 4613 ἐνταῦθα’.)
1196 4559 1201 4624 Ι
1228 4555 1268 4611 θθ
1294 4551 1409 4624 ἀληθῶς
1425 4573 1453 4610 m
1484 4558 1489 4625 Ι

185 4651 225 4710 34
242 4651 370 4724 εἰκότως]
388 4661 421 4719 -Ι-
439 4650 475 4711 ἂν
494 4653 510 4710 ὁ
527 4654 615 4727 λόγος
632 4655 694 4710 and.
714 4657 751 4710 St.
778 4659 783 4726 Ι
808 4656 825 4727 ἡ
844 4658 883 4711 V²
899 4652 927 4714 εἰ
933 4656 948 4713 ἰ
967 4659 1007 4713 V*
1258 4742 1275 4796 3

1280 4743 1295 4771 ε
