3674 5506
588 457 623 512 de
640 456 826 513 ecelesiastica
842 455 983 527 theologia
1000 457 1038 510 III
1056 458 1080 512 3.
1430 467 1488 528 151

183 651 242 710 ρος
262 620 486 709 ύφίστασθαι;
508 617 634 693 ούκοῦν
657 627 764 704 βίαιος
786 626 843 691 καὶ
857 626 1154 711 κατηναγκασμένη
1170 627 1243 692 τῶν
1258 626 1491 710 προκειμένων

184 729 310 811 λέξεων
340 717 361 812 6
387 726 443 794 ἐπὶ
469 718 534 810 τὴν
561 717 666 809 σάρκα
689 726 752 791 τοῦ
774 726 926 810 σωτῆρος
956 716 1122 808 ἀναφορά.
1156 728 1160 808 Ι
1193 727 1267 803 πῶς
1297 725 1332 791 δὲ
1362 727 1416 791 καί
1448 720 1489 792 τὸ
1509 734 1564 787 131

185 828 308 944 ›yevv6
329 850 385 943 μοι
412 816 630 909 ἐφαρμόσειεν
651 815 726 907 (άν>
748 827 792 908 τῆ
813 828 927 908 σαρκί,·
948 819 1016 908 πρὸ
1038 819 1101 949 γάρ
1124 828 1198 892 τῶν
1212 826 1335 910 πηγῶν
1351 826 1407 891 καί
1422 818 1490 907 πρὸ

183 931 257 996 τῶν
279 919 372 1010 ἀρῶν
394 929 450 991 καὶ
479 919 548 1008 πρὸ
571 926 645 990 τῶν
671 925 807 1004 βουνῶν
833 924 1093 1010 γεγεννῆσθαι
1077 942 1201 1009 εφησεν
1231 919 1353 992 ἑαυτὸν
1383 921 1492 991 είπών

149 1037 166 1089 5
186 1021 318 1111 »κύριος
340 1025 470 1093 ἔκτισέν
491 1050 529 1109 με
552 1016 659 1109 ἀρχὴν
676 1013 770 1090 ῦδῶν
791 1015 898 1091 αῦτου
883 1021 989 1102 ””είς
973 1047 1053 1107 εργα
1068 1015 1182 1105 αὐτοῦ,
1205 1019 1273 1109 πρὸ
1289 1048 1352 1092 του
1337 1022 1491 1102 ἀἰῶνος

183 1128 407 1211 ἐθεμελίωσέν
427 1150 496 1211 μει.
542 1125 572 1191 εί
602 1119 643 1208 δὴ
666 1110 728 1190 οῦν
758 1113 779 1207 6
809 1117 892 1207 σάρξ
920 1125 1030 1190 ταῦτα
1061 1116 1199 1206 φάσκοι
1230 1115 1278 1201 ως
1286 1124 1490 1243 Μαρκέλλῳ
1508 1138 1542 1190 30

184 1228 284 1305 δοκεῖ,
307 1228 384 1304 πῶς
405 1219 447 1340 τό
472 1216 557 1309 »πρὸ
581 1225 616 1290 δὲ
637 1215 783 1290 πάντων
804 1226 937 1302 βουνιῦν
963 1224 1065 1311 γεννᾷ
1087 1246 1143 1307 μει
1174 1216 1305 1290 είποι”
1286 1248 1329 1290 αν
1352 1214 1373 1307 6
1396 1216 1491 1306 σάρξ,·

182 1319 329 1393 ἔστω
293 1350 356 1410 γαρ
378 1317 445 1408 πρὸ
472 1326 546 1391 τῶν
572 1313 780 1392 ἀποστόλων
810 1314 830 1408 6
863 1316 957 1406 σάρξ·
994 1316 1081 1391 ἀλλά
1110 1323 1186 1402 πῶς
1216 1313 1301 1408 αῦτη
1331 1314 1398 1390 ύπδ
1428 1324 1492 1392 τοῦ

183 1427 268 1494 θεοῦ
291 1424 511 1510 γεγεννῆσθαί
532 1441 634 1509 φησιν
656 1416 796 1507 ἔαυτην;
817 1416 858 1489 τὸ
880 1424 941 1507 μὲν
963 1417 1026 1507 γὰρ
1048 1423 1202 1490 ἐκτίσθαι
1215 1416 1260 1507 μὴ
1283 1411 1387 1490 οῦσαν
1409 1414 1491 1507 πρό·

136 1538 167 1593 10
183 1549 287 1608 τερον
310 1519 375 1610 τὴν
396 1515 503 1607 σάρκα
524 1514 632 1589 ἐδόκει
653 1524 845 1608 Μαρκέλλῳ
868 1523 985 1607 λέγειν.
1029 1521 1093 1607 ἔφη
1114 1516 1177 1606 γὰρ
1508 1537 1540 1592 31

244 1624 313 1706 (Nr.
339 1628 389 1705 10)
420 1621 550 1689 ἔκτισεν
576 1613 717 1707 ἀληθῶς
747 1619 788 1691 τὸ
814 1616 859 1706 μὴ
882 1610 924 1687 όν
945 1619 1142 1707 πεποιηκώς
1165 1611 1184 1689 6
1207 1613 1371 1707 δεσπότης
1393 1612 1491 1707 ἡμῶν

245 1716 264 1791 6
287 1715 383 1800 θεός·
410 1714 472 1789 οῦκ
494 1709 598 1789 οὖσαν
619 1716 681 1806 γάρ
698 1716 769 1806 ’τὴν
789 1715 909 1806 σάρκα,
932 1713 975 1805 ἣν
1001 1714 1183 1806 ἀνείληφεν
1209 1712 1229 1788 6
1259 1712 1374 1805 λόγος,
1405 1714 1492 1789 ἀλλὰ

245 1818 290 1908 μὴ
314 1810 419 1891 οὖσαν
441 1819 580 1889 ἔκτισεν.

183 1916 224 1989 τό
247 1923 309 2006 μὲν
331 1909 394 1989 οῦν
415 1920 568 1988 ἐκτίσθαι
591 1916 751 2005 ἔγνωμεν,
774 1916 815 1988 τὸ
838 1921 951 1987 δὲκαὶ
972 1922 1195 2006 γεγεννῆσθαι
1217 1910 1325 2005 αὐτὴν
1345 1911 1414 1988 ύπὸ
1430 1921 1493 1987 τοῦ

137 2036 166 2088 15
183 2023 268 2089 θεοῦ
289 2023 366 2099 πῶς
387 2014 430 2086 ἀν
452 2013 654 2104 ἀποδοθείη,
678 2020 741 2086 τοῦ
762 2020 917 2103 σωτῆρος
940 2011 1038 2104 ἡμῶν
1064 2022 1226 2104 λέγοντος
1259 2013 1318 2087 »τὸ
1341 2042 1492 2105 γεγεννη·

181 2121 288 2205 μένον
309 2121 346 2187 ἐκ
368 2121 429 2204 τῆς
450 2113 574 2234 σαρκός
595 2111 678 2233 σάρξ
699 2118 821 2197 conv«,
851 2121 906 2185 καὶ
929 2109 948 2185 6
971 2111 1165 2197 ἀπόστολος
1187 2120 1224 2185 δέ
1244 2139 1348 2204 φησιν
1380 2111 1490 2204 »γενό-

182 2219 347 2305 μενοςέκ
326 2212 547 2304 κγυναικός,
574 2210 756 2334 γενόμενος
787 2209 854 2285 ῦπὸ
886 2209 1022 2301 νόμον(
1064 2222 1140 2297 πῶς
1166 2207 1228 2286 οὖν
1251 2210 1271 2304 6
1293 2213 1411 2304 σάρξε
1397 2216 1491 2286 εἶπεν
1508 2232 1541 2285 32

184 2313 227 2385 ἀν
248 2321 324 2403 περὶ
346 2319 411 2385 τοῦ
428 2316 517 2436 θεοῦ
539 2321 613 2385 τῶν
635 2306 729 2385 όλων
750 2311 792 2384 τὸ
817 2310 902 2400 »πρὸ
923 2318 960 2433 δὲ
982 2310 1129 2384 πάντων
1143 2320 1279 2398 θουνῶν
1301 2321 1401 2407 γεννᾷ
1415 2341 1491 2401 με«,·

184 2421 295 2486 ταῦτα
315 2421 377 2502 μέν
399 2405 462 2486 οῦν
484 2410 532 2495 ιός
553 2414 818 2501 βεβιασμένην”
803 2440 867 2500 εχει
894 2411 958 2502 τὴν
981 2414 1156 2502 ἑρμηνείαν
1183 2415 1275 2503 οἶμαι
1305 2423 1411 2486 παντί
1440 2443 1491 2504 τῳ

135 2514 432 2600 υῦκαταφανέςί
401 2541 494 2584 εναι
537 2509 705 2599 ἀβιάστως
736 2508 811 2631 δ’
792 2540 834 2582 αν
864 2514 953 2583 ειποι
983 2539 1034 2594 τις
1058 2510 1120 2582 τὸν
1141 2510 1217 2584 υίῦν
1247 2519 1310 2584 τοῦ
1332 2519 1416 2585 θεοῦ
1436 2522 1491 2584 καὶ

183 2618 259 2703 δίχα
281 2610 412 2695 παντὸς
425 2609 658 2732 ἀλληγορικοῦ
688 2607 822 2699 τρόπου
851 2616 959 2682 ταῦτα
989 2609 1228 2700 ἐπαληθεύειν,
1259 2618 1314 2685 ὅθ’
1337 2617 1407 2683 ἐπεὶ
1394 2619 1492 2684 ὶὶκα

184 2721 245 2802 τῆς
268 2718 328 2802 γῆς
348 2717 574 2833 προῦπηρχεν,
597 2703 639 2800 ἦν
661 2739 700 2782 τε
720 2718 777 2782 καὶ
797 2717 911 2800 προῆν
932 2709 998 2799 πρὸ
1021 2738 1084 2781 του
1069 2716 1282 2797 ’προελθεῖν
1297 2711 1359 2794 τὰς
1380 2737 1491 2801 σωμα·

184 2812 280 2895 τικάς
301 2811 412 2931 πηγάς
435 2817 508 2882 τῶν
525 2806 663 2881 ῦδάτων
684 2818 740 2882 καί
760 2810 829 2900 πρὸ
853 2816 928 2880 τῶν
942 2815 1116 2900 αἰσθητῶς
1130 2816 1325 2900 λεγομένων
1338 2810 1493 2897 ἀβύσσων

184 2919 240 2984 καὶ
271 2909 339 3000 πρὸ
371 2917 434 2982 τοῦ
466 2916 626 2999 συστῆναι
656 2909 698 2981 τὸ
729 2916 790 3000 τῆς
816 2916 876 2999 γῆς
902 2915 1009 3000 σχῆμα
1039 2913 1077 2981 ἐν
1107 2929 1181 2993 τοῖς
1212 2918 1286 2982 τῶν
1315 2907 1408 2999 ὀρῶν
1436 2921 1492 2983 καὶ

134 3029 167 3086 25
186 3018 258 3084 τῶν
294 3018 432 3095 βουνῶν
466 3006 708 3098 ἀναστήμασιν·
742 3006 890 3080 »πάνται
924 3009 987 3097 γὰρ
1024 3007 1086 3081 »δι’
1118 3007 1225 3083 αύτοῦ
1253 3015 1400 3100 ἐγένετο,
1436 3020 1491 3083 καὶ

182 3118 288 3201 χωρίς
309 3106 417 3182 αύτοῦ
438 3111 570 3198 ἐγένετο
593 3105 670 3180 ούδέ
692 3110 757 3179 ἐνι.
801 3113 830 3179 εί
853 3105 884 3179 δ’
912 3106 1112 3199 ἐρωτήσειέν
1133 3138 1198 3194 τις,
1230 3115 1319 3181 διατί
1348 3110 1393 3200 μὴ
1423 3111 1489 3198 πρὸ
1507 3129 1541 3184 33

182 3218 256 3282 τῶν
279 3206 438 3299 οῦρανοῦν
458 3212 541 3298 μηδὲ
561 3206 630 3298 πρὸ
653 3215 727 3278 τῶν
749 3210 786 3279 ἐν
807 3204 965 3297 ούρανοῑς
986 3204 1008 3298 6
1031 3217 1104 3281 τῶν
1126 3213 1282 3281 ἐπέκεινα
1302 3219 1411 3283 θείων
1433 3219 1488 3282 καὶ

182 3307 417 3399 ύπερκοσμίων
439 3305 618 3395 δυνάμεων
644 3337 681 3379 τε
711 3316 768 3379 καὶ
798 3305 1005 3396 πνευμάτων
1036 3308 1159 3380 ἑαυτὸν
1188 3310 1275 3380 εἶναι
1306 3314 1486 3387 ἐδίδασκεν.

182 3415 352 3497 λελέξεται
374 3403 470 3496 αύτῷ
493 3399 547 3477 ότι
570 3404 707 3480 τούτων
730 3413 817 3490 τέως
838 3404 933 3497 <ούκ>
949 3404 1192 3497 ἐμνημόνευσεν
1207 3403 1226 3480 6
1242 3404 1352 3497 λόγος,
1375 3411 1489 3500 ἐπειδὴ

131 3525 165 3581 30
182 3515 414 3598 παιδαγωγίαν
435 3505 514 3578 τινὰ
535 3506 589 3578 διὰ
611 3513 685 3578 τῶν
698 3515 897 3596 Παροιμιῶν
920 3525 993 3590 τοῖς
1014 3506 1077 3589 τὰς
1097 3507 1206 3596 ψυχὰς
1233 3516 1367 3597 νηπίοις
1388 3538 1488 3599 παρε-

181 3615 284 3682 δίδου.
327 3600 346 3678 6
368 3613 425 3678 καὶ
447 3611 555 3695 δῆλον
577 3603 734 3694 τυγχάνει
755 3611 793 3677 ἐκ
815 3613 877 3677 τοῦ
898 3611 984 3677 ποτέ
1000 3611 1156 3693 λέγεσθαι
1180 3607 1309 3692 »ἄκουε
1331 3613 1390 3693 υίέ,
1412 3637 1488 3681 παι·
1505 3628 1538 3680 34

181 3716 274 3780 δείαν
295 3702 427 3795 πατρός
448 3730 518 3791 σου,
540 3712 596 3777 καὶ
618 3704 662 3794 μὴ
679 3702 801 3793 άπιόση
816 3705 962 3794 θεσμοὺς
983 3702 1111 3795 μητρός
1132 3730 1224 3790 σουι,
1244 3715 1329 3779 ποτε
1351 3713 1387 3781 δέ
1411 3714 1487 3793 »υίέ,

182 3812 274 3893 ἐμοῖς
297 3803 413 3895 νόμοις
435 3801 591 3893 πρόσεχε,
620 3824 693 3888 τοῖς
714 3802 747 3877 δ’
771 3811 861 3894 ἐμοῖς
887 3802 1031 3894 ῥήμασιν
1052 3803 1227 3894 παράβαλε
1248 3804 1309 3878 σὸν
1332 3801 1407 3891 οῦς(
1432 3816 1487 3879 καὶ

181 3899 282 3988 αὖθις
306 3909 385 3989 ευίέ,
407 3903 452 3993 μὴ
475 3899 630 3993 ὀλιγώρει
651 3910 802 3986 παιδείας
827 3912 957 3992 κυρίου,
988 3911 1043 3975 καὶ
1074 3904 1118 3995 μὴ
1149 3905 1269 3977 ἐκλύου
1293 3903 1350 3979 ἀπ’
1381 3903 1487 3980 αύτοῦ

264 4125 283 4181 θ
301 4124 380 4180 Prov.
398 4125 423 4188 8,
443 4124 476 4180 25
493 4154 527 4164 —
545 4125 563 4180 5
581 4124 662 4180 Prov.
680 4126 704 4189 8,
722 4127 764 4180 22.
782 4127 815 4181 23
837 4156 870 4166 -
892 4128 911 4183 (6
937 4126 992 4196 vgl.
1010 4126 1057 4181 Nr.
1073 4127 1098 4182 9.
1116 4128 1149 4181 10
1167 4156 1200 4166 -
1219 4127 1233 4183 7
1262 4125 1342 4181 Prov.
1359 4130 1385 4187 8,
1402 4129 1435 4184 25
1452 4158 1485 4167 -

181 4227 218 4283 15
237 4227 299 4282 Joh.
317 4229 342 4289 3,
360 4227 377 4282 6
394 4255 427 4265 -
447 4227 485 4280 13
506 4225 567 4280 Gal.
584 4229 610 4294 4,
626 4229 643 4280 4
660 4258 693 4267 -
713 4228 750 4284 18
769 4228 849 4283 Prov.
867 4228 892 4293 8,
910 4230 943 4285 25
960 4258 994 4268 -
1012 4227 1050 4283 25
1068 4227 1130 4283 Joh.
1149 4231 1172 4295 1,
1191 4230 1207 4283 3
1224 4258 1258 4268 -
1280 4228 1317 4284 21
1338 4229 1418 4284 Prov.
1433 4229 1485 4297 ]‚8

178 4357 211 4366 —
229 4327 267 4384 89.
287 4327 366 4383 Prov.
383 4328 409 4390 4,
428 4328 462 4382 20
479 4357 512 4366 -
531 4326 570 4383 34
587 4327 665 4383 Prov.
684 4332 708 4393 3,
727 4332 758 4383 11

262 4529 281 4586 ⁸
307 4523 344 4583 ἂν
371 4527 408 4582 Kl
438 4529 442 4594 Ι
474 4530 687 4597 θγεγενῆσθαι
712 4530 738 4583 V
770 4532 774 4599 Ι
808 4532 846 4588 16
872 4526 1051 4601 γεννώμενος
1079 4530 1116 4583 6²
1147 4532 1151 4596 Ι
1184 4529 1223 4585 29
1247 4526 1299 4584 οέκ
1322 4529 1374 4584 We
1406 4532 1410 4598 Ι
1443 4530 1482 4587 62

178 4629 287 4688 ἀπώσει
304 4627 432 4698 θεσμοὺς
448 4627 556 4700 πατρός
575 4630 623 4696 V*,
649 4647 718 4685 corr.
737 4633 775 4685 6¹²
806 4634 810 4700 Ι
844 4633 882 4688 34
901 4625 951 4687 ἀπ’
970 4632 1016 4695 W,
1036 4648 1102 4687 corr.
1122 4630 1160 4683 V²
