<?xml version="1.0" encoding="UTF-8"?>
<!DOCTYPE html PUBLIC "-//W3C//DTD XHTML 1.0 Transitional//EN"
    "http://www.w3.org/TR/xhtml1/DTD/xhtml1-transitional.dtd">
<html xmlns="http://www.w3.org/1999/xhtml" xml:lang="en" lang="en">
 <head>
  <title>
</title>
<meta http-equiv="Content-Type" content="text/html;charset=utf-8" />
  <meta name='ocr-system' content='tesseract 3.04.00' />
  <meta name='ocr-capabilities' content='ocr_page ocr_carea ocr_par ocr_line ocrx_word'/>
</head>
<body>
  <div class='ocr_page' id='page_1' title='image "./diegriechischen01religoog/diegriechischen01religoog_0226.png"; bbox 0 0 3674 5506; ppageno 0'>
   <div class='ocr_carea' id='block_1_1' title="bbox 361 468 1077 540">
    <p class='ocr_par' dir='ltr' id='par_1_1' title="bbox 361 468 1077 540">
     <span class='ocr_line' id='line_1_1' title="bbox 361 468 1077 540; baseline -0.003 -15"><span class='ocrx_word' id='word_1_1' title='bbox 361 478 419 540; x_wconf 79' lang='lat'><strong><em>176</em></strong></span> <span class='ocrx_word' id='word_1_2' title='bbox 945 468 1077 526; x_wconf 69' lang='lat' dir='ltr'>Eusebius</span> 
     </span>
    </p>
   </div>
   <div class='ocr_carea' id='block_1_2' title="bbox 305 632 1813 3910">
    <p class='ocr_par' dir='ltr' id='par_1_2' title="bbox 358 632 1812 1055">
     <span class='ocr_line' id='line_1_2' title="bbox 441 632 1792 724; baseline -0.001 -19"><span class='ocrx_word' id='word_1_3' title='bbox 441 638 480 707; x_wconf 80' lang='lat'><strong><em>17</em></strong></span> <span class='ocrx_word' id='word_1_4' title='bbox 513 638 540 704; x_wconf 86' lang='grc' dir='ltr'><strong><em>εί</em></strong></span> <span class='ocrx_word' id='word_1_5' title='bbox 571 638 606 704; x_wconf 79' lang='grc' dir='ltr'><strong><em>δὲ</em></strong></span> <span class='ocrx_word' id='word_1_6' title='bbox 634 632 697 722; x_wconf 85' lang='grc' dir='ltr'><strong><em>χρή</em></strong></span> <span class='ocrx_word' id='word_1_7' title='bbox 730 640 839 705; x_wconf 87' lang='grc' dir='ltr'><strong><em>ταῦτα</em></strong></span> <span class='ocrx_word' id='word_1_8' title='bbox 860 636 1166 721; x_wconf 73' lang='grc' dir='ltr'><strong><em>ἐπισφραγίσασθαι</em></strong></span> <span class='ocrx_word' id='word_1_9' title='bbox 1191 642 1390 723; x_wconf 82' lang='grc' dir='ltr'><strong><em>προφητικῇ</em></strong></span> <span class='ocrx_word' id='word_1_10' title='bbox 1421 641 1585 724; x_wconf 79' lang='grc' dir='ltr'><strong><em>σφραγῖδι,</em></strong></span> <span class='ocrx_word' id='word_1_11' title='bbox 1616 642 1658 719; x_wconf 85' lang='grc' dir='ltr'><strong><em>είς</em></strong></span> <span class='ocrx_word' id='word_1_12' title='bbox 1689 643 1756 716; x_wconf 79' lang='grc' dir='ltr'><strong><em>θιιος</em></strong></span> <span class='ocrx_word' id='word_1_13' title='bbox 1769 650 1792 705; x_wconf 73' lang='lat' dir='ltr'><strong><em>ai</em></strong></span> 
     </span>
     <span class='ocr_line' id='line_1_3' title="bbox 358 721 1811 841; baseline 0.003 -38"><span class='ocrx_word' id='word_1_14' title='bbox 358 739 495 818; x_wconf 81' lang='grc' dir='ltr'><strong><em>βεβαίαν</em></strong></span> <span class='ocrx_word' id='word_1_15' title='bbox 516 740 685 803; x_wconf 83' lang='grc' dir='ltr'><strong><em>πίοτωοιν</em></strong></span> <span class='ocrx_word' id='word_1_16' title='bbox 707 740 780 804; x_wconf 84' lang='grc' dir='ltr'><strong><em>τῶν</em></strong></span> <span class='ocrx_word' id='word_1_17' title='bbox 807 735 995 822; x_wconf 77' lang='grc' dir='ltr'><em>εἰρημένων</em></span> <span class='ocrx_word' id='word_1_18' title='bbox 1015 730 1159 821; x_wconf 87' lang='grc' dir='ltr'><strong><em>μάρτυρι</em></strong></span> <span class='ocrx_word' id='word_1_19' title='bbox 1172 730 1335 823; x_wconf 76' lang='grc' dir='ltr'><strong><em>χρήσομαι</em></strong></span> <span class='ocrx_word' id='word_1_20' title='bbox 1350 742 1554 824; x_wconf 79' lang='grc' dir='ltr'><strong><em>προφητικῷ</em></strong></span> <span class='ocrx_word' id='word_1_21' title='bbox 1567 736 1659 807; x_wconf 82' lang='grc' dir='ltr'><strong><em>πνεῦ·</em></strong></span> <span class='ocrx_word' id='word_1_22' title='bbox 1673 721 1811 841; x_wconf 47' lang='grc' dir='ltr'><strong><em>θῇαζὰζίξῗ</em></strong></span> 
     </span>
     <span class='ocr_line' id='line_1_4' title="bbox 359 804 1802 922; baseline 0.004 -20"><span class='ocrx_word' id='word_1_23' title='bbox 359 859 441 921; x_wconf 91' lang='grc' dir='ltr'><strong><em>ματι</em></strong></span> <span class='ocrx_word' id='word_1_24' title='bbox 462 826 508 900; x_wconf 74' lang='grc' dir='ltr'><strong><em>δι’</em></strong></span> <span class='ocrx_word' id='word_1_25' title='bbox 530 826 676 920; x_wconf 74' lang='grc' dir='ltr'><strong><em>Ἐςεκιήλ</em></strong></span> <span class='ocrx_word' id='word_1_26' title='bbox 699 838 763 902; x_wconf 89' lang='grc' dir='ltr'><strong><em>τοῦ</em></strong></span> <span class='ocrx_word' id='word_1_27' title='bbox 784 829 969 922; x_wconf 79' lang='grc' dir='ltr'><strong><em>προφήτου</em></strong></span> <span class='ocrx_word' id='word_1_28' title='bbox 991 827 1076 903; x_wconf 84' lang='grc' dir='ltr'><strong><em>αύτὰ</em></strong></span> <span class='ocrx_word' id='word_1_29' title='bbox 1098 832 1139 922; x_wconf 80' lang='grc' dir='ltr'><strong><em>δή</em></strong></span> <span class='ocrx_word' id='word_1_30' title='bbox 1161 831 1221 921; x_wconf 79' lang='grc' dir='ltr'><strong><em>[δή]</em></strong></span> <span class='ocrx_word' id='word_1_31' title='bbox 1243 838 1352 904; x_wconf 91' lang='grc' dir='ltr'><strong><em>ταῦτα</em></strong></span> <span class='ocrx_word' id='word_1_32' title='bbox 1367 833 1540 913; x_wconf 72' lang='grc' dir='ltr'><strong><em>τοιαύταις</em></strong></span> <span class='ocrx_word' id='word_1_33' title='bbox 1553 841 1660 907; x_wconf 86' lang='grc' dir='ltr'><strong><em>θεοπί-</em></strong></span> <span class='ocrx_word' id='word_1_34' title='bbox 1674 804 1733 920; x_wconf 65' lang='grc' dir='ltr'><strong><em>φιης</em></strong></span> <span class='ocrx_word' id='word_1_35' title='bbox 1754 808 1802 908; x_wconf 60' lang='grc' dir='ltr'><strong><em>τωρ</em></strong></span> 
     </span>
     <span class='ocr_line' id='line_1_5' title="bbox 360 927 1812 1055; baseline 0.003 -52"><span class='ocrx_word' id='word_1_36' title='bbox 360 941 455 1018; x_wconf 78' lang='grc' dir='ltr'><strong><em>ζοντι</em></strong></span> <span class='ocrx_word' id='word_1_37' title='bbox 477 948 609 1017; x_wconf 77' lang='grc' dir='ltr'><strong><em>φωναῖς</em></strong></span> <span class='ocrx_word' id='word_1_38' title='bbox 631 927 729 1003; x_wconf 78' lang='grc' dir='ltr'><strong><em>»τάδε</em></strong></span> <span class='ocrx_word' id='word_1_39' title='bbox 751 936 839 1020; x_wconf 88' lang='grc' dir='ltr'><strong><em>λέγει</em></strong></span> <span class='ocrx_word' id='word_1_40' title='bbox 853 931 968 1022; x_wconf 84' lang='grc' dir='ltr'><strong><em>κύριος</em></strong></span> <span class='ocrx_word' id='word_1_41' title='bbox 982 929 1111 1020; x_wconf 83' lang='grc' dir='ltr'><strong><em>κύριος·</em></strong></span> <span class='ocrx_word' id='word_1_42' title='bbox 1132 931 1208 1004; x_wconf 82' lang='grc' dir='ltr'><strong><em>ἰδοῦ</em></strong></span> <span class='ocrx_word' id='word_1_43' title='bbox 1220 933 1288 1022; x_wconf 88' lang='grc' dir='ltr'><strong><em>ἐγῶ</em></strong></span> <span class='ocrx_word' id='word_1_44' title='bbox 1304 932 1440 1023; x_wconf 77' lang='grc' dir='ltr'><strong><em>ζητήσω</em></strong></span> <span class='ocrx_word' id='word_1_45' title='bbox 1456 932 1498 1006; x_wconf 84' lang='grc' dir='ltr'><strong><em>τὰ</em></strong></span> <span class='ocrx_word' id='word_1_46' title='bbox 1512 932 1660 1022; x_wconf 85' lang='grc' dir='ltr'><strong><em>πρόβατά</em></strong></span> <span class='ocrx_word' id='word_1_47' title='bbox 1677 929 1812 1055; x_wconf 39' lang='grc' dir='ltr'><strong><em>ἦσέὶίέθίς,</em></strong></span> 
     </span>
    </p>

    <p class='ocr_par' dir='ltr' id='par_1_3' title="bbox 324 1006 1813 1529">
     <span class='ocr_line' id='line_1_6' title="bbox 324 1006 1802 1123; baseline 0.009 -28"><span class='ocrx_word' id='word_1_48' title='bbox 324 1041 340 1095; x_wconf 85' lang='grc'>5</span> <span class='ocrx_word' id='word_1_49' title='bbox 358 1057 424 1117; x_wconf 90' lang='grc' dir='ltr'><strong><em>μου</em></strong></span> <span class='ocrx_word' id='word_1_50' title='bbox 444 1036 500 1099; x_wconf 86' lang='grc' dir='ltr'><strong><em>καί</em></strong></span> <span class='ocrx_word' id='word_1_51' title='bbox 521 1033 745 1121; x_wconf 76' lang='grc' dir='ltr'><strong><em>ἐπισκέψομαι</em></strong></span> <span class='ocrx_word' id='word_1_52' title='bbox 767 1028 861 1104; x_wconf 82' lang='grc' dir='ltr'><strong><em>αῦτά.</em></strong></span> <span class='ocrx_word' id='word_1_53' title='bbox 898 1029 1013 1119; x_wconf 89' lang='grc' dir='ltr'><strong><em>ῶσπερ</em></strong></span> <span class='ocrx_word' id='word_1_54' title='bbox 1037 1042 1129 1121; x_wconf 79' lang='grc' dir='ltr'><strong><em>ζητεῖ</em></strong></span> <span class='ocrx_word' id='word_1_55' title='bbox 1149 1025 1311 1122; x_wconf 85' lang='grc' dir='ltr'><strong><em>ῦποιμήν</em></strong></span> <span class='ocrx_word' id='word_1_56' title='bbox 1326 1031 1367 1104; x_wconf 87' lang='grc' dir='ltr'><strong><em>τὸ</em></strong></span> <span class='ocrx_word' id='word_1_57' title='bbox 1382 1041 1542 1123; x_wconf 77' lang='grc' dir='ltr'><strong><em>ποίμνιον</em></strong></span> <span class='ocrx_word' id='word_1_58' title='bbox 1561 1030 1661 1106; x_wconf 78' lang='grc' dir='ltr'><strong><em>αὐτοῦ</em></strong></span> <span class='ocrx_word' id='word_1_59' title='bbox 1692 1006 1802 1123; x_wconf 46' lang='lat' dir='ltr'><strong><em>sewum</em></strong></span> 
     </span>
     <span class='ocr_line' id='line_1_7' title="bbox 358 1121 1806 1229; baseline 0.006 -32"><span class='ocrx_word' id='word_1_60' title='bbox 358 1133 396 1198; x_wconf 92' lang='grc' dir='ltr'><strong><em>έν</em></strong></span> <span class='ocrx_word' id='word_1_61' title='bbox 417 1123 521 1220; x_wconf 82' lang='grc' dir='ltr'><strong><em>ἡμέρῳ</em></strong></span> <span class='ocrx_word' id='word_1_62' title='bbox 543 1121 629 1201; x_wconf 86' lang='grc' dir='ltr'><strong><em>όταν</em></strong></span> <span class='ocrx_word' id='word_1_63' title='bbox 651 1124 671 1220; x_wconf 80' lang='grc' dir='ltr'><strong><em>ᾖ</em></strong></span> <span class='ocrx_word' id='word_1_64' title='bbox 696 1127 825 1220; x_wconf 91' lang='grc' dir='ltr'><strong><em>γνόφος</em></strong></span> <span class='ocrx_word' id='word_1_65' title='bbox 845 1138 900 1201; x_wconf 85' lang='grc' dir='ltr'><strong><em>καί</em></strong></span> <span class='ocrx_word' id='word_1_66' title='bbox 928 1137 1053 1221; x_wconf 79' lang='grc' dir='ltr'><strong><em>νεφέλη</em></strong></span> <span class='ocrx_word' id='word_1_67' title='bbox 1079 1135 1116 1203; x_wconf 90' lang='grc' dir='ltr'><strong><em>ἐν</em></strong></span> <span class='ocrx_word' id='word_1_68' title='bbox 1141 1136 1232 1222; x_wconf 88' lang='grc' dir='ltr'><strong><em>μέσῳ</em></strong></span> <span class='ocrx_word' id='word_1_69' title='bbox 1262 1130 1450 1221; x_wconf 80' lang='grc' dir='ltr'><strong><em>προβάτων</em></strong></span> <span class='ocrx_word' id='word_1_70' title='bbox 1480 1139 1661 1222; x_wconf 84' lang='grc' dir='ltr'><strong><em>διακεχωρι·</em></strong></span> <span class='ocrx_word' id='word_1_71' title='bbox 1688 1125 1806 1229; x_wconf 43' lang='lat' dir='ltr'><strong><em>fimf&amp;</em></strong></span> 
     </span>
     <span class='ocr_line' id='line_1_8' title="bbox 358 1208 1813 1323; baseline 0.005 -25"><span class='ocrx_word' id='word_1_72' title='bbox 358 1233 502 1315; x_wconf 88' lang='grc' dir='ltr'><strong><em>σμένων,</em></strong></span> <span class='ocrx_word' id='word_1_73' title='bbox 525 1221 636 1313; x_wconf 83' lang='grc' dir='ltr'><strong><em>οῦτως</em></strong></span> <span class='ocrx_word' id='word_1_74' title='bbox 661 1236 717 1303; x_wconf 73' lang='grc' dir='ltr'><strong><em>9οῑ</em></strong></span> <span class='ocrx_word' id='word_1_75' title='bbox 730 1229 902 1322; x_wconf 77' lang='grc' dir='ltr'><strong><em>ἐκζητήσω</em></strong></span> <span class='ocrx_word' id='word_1_76' title='bbox 924 1230 968 1301; x_wconf 80' lang='grc' dir='ltr'><strong><em>τὰ</em></strong></span> <span class='ocrx_word' id='word_1_77' title='bbox 988 1227 1145 1320; x_wconf 88' lang='grc' dir='ltr'><strong><em>πρόβατά</em></strong></span> <span class='ocrx_word' id='word_1_78' title='bbox 1165 1259 1257 1320; x_wconf 60' lang='grc' dir='ltr'><strong><em>μονα</em></strong></span> <span class='ocrx_word' id='word_1_79' title='bbox 1295 1239 1351 1303; x_wconf 84' lang='grc' dir='ltr'><strong><em>καὶ</em></strong></span> <span class='ocrx_word' id='word_1_80' title='bbox 1372 1227 1453 1322; x_wconf 80' lang='grc' dir='ltr'><strong><em>μεθ’</em></strong></span> <span class='ocrx_word' id='word_1_81' title='bbox 1476 1233 1571 1323; x_wconf 73' lang='grc' dir='ltr'><strong><em>ἕτερα</em></strong></span> <span class='ocrx_word' id='word_1_82' title='bbox 1593 1241 1662 1305; x_wconf 79' lang='grc' dir='ltr'><strong><em>»καί</em></strong></span> <span class='ocrx_word' id='word_1_83' title='bbox 1677 1208 1813 1323; x_wconf 36' lang='lat' dir='ltr'><strong><em>amram&amp;</em></strong></span> 
     </span>
     <span class='ocr_line' id='line_1_9' title="bbox 357 1321 1812 1446; baseline 0.008 -49"><span class='ocrx_word' id='word_1_84' title='bbox 357 1326 458 1398; x_wconf 87' lang='grc' dir='ltr'><strong><em>σῶοω</em></strong></span> <span class='ocrx_word' id='word_1_85' title='bbox 481 1327 525 1399; x_wconf 80' lang='grc' dir='ltr'><strong><em>τά</em></strong></span> <span class='ocrx_word' id='word_1_86' title='bbox 545 1326 702 1419; x_wconf 86' lang='grc' dir='ltr'><strong><em>πρόβατά</em></strong></span> <span class='ocrx_word' id='word_1_87' title='bbox 723 1357 797 1418; x_wconf 88' lang='grc' dir='ltr'><strong><em>μου,</em></strong></span> <span class='ocrx_word' id='word_1_88' title='bbox 819 1339 873 1402; x_wconf 82' lang='grc' dir='ltr'><strong><em>καί</em></strong></span> <span class='ocrx_word' id='word_1_89' title='bbox 897 1327 938 1403; x_wconf 89' lang='grc' dir='ltr'><strong><em>οῦ</em></strong></span> <span class='ocrx_word' id='word_1_90' title='bbox 959 1329 1003 1420; x_wconf 90' lang='grc' dir='ltr'><strong><em>μή</em></strong></span> <span class='ocrx_word' id='word_1_91' title='bbox 1027 1321 1111 1401; x_wconf 89' lang='grc' dir='ltr'><strong><em>ῶσιν</em></strong></span> <span class='ocrx_word' id='word_1_92' title='bbox 1134 1333 1183 1401; x_wconf 78' lang='grc' dir='ltr'><strong><em>ἔτι</em></strong></span> <span class='ocrx_word' id='word_1_93' title='bbox 1206 1337 1252 1414; x_wconf 89' lang='grc' dir='ltr'><strong><em>είς</em></strong></span> <span class='ocrx_word' id='word_1_94' title='bbox 1272 1329 1462 1423; x_wconf 85' lang='grc' dir='ltr'><strong><em>προνομήν,</em></strong></span> <span class='ocrx_word' id='word_1_95' title='bbox 1484 1340 1540 1403; x_wconf 84' lang='grc' dir='ltr'><strong><em>καί</em></strong></span> <span class='ocrx_word' id='word_1_96' title='bbox 1560 1341 1661 1423; x_wconf 90' lang='grc' dir='ltr'><strong><em>κρινῶ</em></strong></span> <span class='ocrx_word' id='word_1_97' title='bbox 1676 1323 1812 1446; x_wconf 59' lang='grc' dir='ltr'><strong><em>λΜάθέῑίζ</em></strong></span> 
     </span>
     <span class='ocr_line' id='line_1_10' title="bbox 357 1411 1813 1529; baseline 0.003 -30"><span class='ocrx_word' id='word_1_98' title='bbox 357 1426 422 1499; x_wconf 82' lang='grc' dir='ltr'><strong><em>άνά</em></strong></span> <span class='ocrx_word' id='word_1_99' title='bbox 456 1433 560 1517; x_wconf 89' lang='grc' dir='ltr'><strong><em>μέσον</em></strong></span> <span class='ocrx_word' id='word_1_100' title='bbox 595 1436 693 1518; x_wconf 88' lang='grc' dir='ltr'><strong><em>κριοῦ</em></strong></span> <span class='ocrx_word' id='word_1_101' title='bbox 721 1428 808 1518; x_wconf 85' lang='grc' dir='ltr'><strong><em>πρὸς</em></strong></span> <span class='ocrx_word' id='word_1_102' title='bbox 838 1429 944 1518; x_wconf 83' lang='grc' dir='ltr'><strong><em>κριόν.</em></strong></span> <span class='ocrx_word' id='word_1_103' title='bbox 992 1436 1047 1501; x_wconf 85' lang='grc' dir='ltr'><strong><em>καί</em></strong></span> <span class='ocrx_word' id='word_1_104' title='bbox 1078 1426 1259 1521; x_wconf 75' lang='grc' dir='ltr'><strong><em>ἀναστήσω</em></strong></span> <span class='ocrx_word' id='word_1_105' title='bbox 1288 1427 1340 1503; x_wconf 81' lang='grc' dir='ltr'><strong><em>ἐπ’</em></strong></span> <span class='ocrx_word' id='word_1_106' title='bbox 1371 1428 1496 1516; x_wconf 85' lang='grc' dir='ltr'><strong><em>αῦτοῦς</em></strong></span> <span class='ocrx_word' id='word_1_107' title='bbox 1524 1440 1662 1523; x_wconf 86' lang='grc' dir='ltr'><strong><em>ποιμένα</em></strong></span> <span class='ocrx_word' id='word_1_108' title='bbox 1677 1411 1813 1529; x_wconf 51' lang='grc' dir='ltr'><strong><em>ηοέηίῖεήῗ</em></strong></span> 
     </span>
    </p>

    <p class='ocr_par' dir='ltr' id='par_1_4' title="bbox 308 1526 1812 2019">
     <span class='ocr_line' id='line_1_11' title="bbox 308 1526 1812 1629; baseline 0.002 -31"><span class='ocrx_word' id='word_1_109' title='bbox 308 1538 341 1592; x_wconf 90' lang='grc'><strong><em>10</em></strong></span> <span class='ocrx_word' id='word_1_110' title='bbox 357 1534 411 1598; x_wconf 85' lang='grc' dir='ltr'><strong><em>καὶ</em></strong></span> <span class='ocrx_word' id='word_1_111' title='bbox 434 1547 596 1615; x_wconf 81' lang='grc' dir='ltr'><strong><em>ποιμανεῖ</em></strong></span> <span class='ocrx_word' id='word_1_112' title='bbox 614 1526 748 1613; x_wconf 81' lang='grc' dir='ltr'><strong><em>αύτούς,</em></strong></span> <span class='ocrx_word' id='word_1_113' title='bbox 769 1528 830 1603; x_wconf 85' lang='grc' dir='ltr'><strong><em>τόν</em></strong></span> <span class='ocrx_word' id='word_1_114' title='bbox 852 1526 977 1603; x_wconf 78' lang='grc' dir='ltr'><strong><em>δοῦλόν</em></strong></span> <span class='ocrx_word' id='word_1_115' title='bbox 995 1559 1060 1621; x_wconf 90' lang='grc' dir='ltr'><strong><em>μου</em></strong></span> <span class='ocrx_word' id='word_1_116' title='bbox 1076 1535 1187 1613; x_wconf 79' lang='grc' dir='ltr'><strong><em>Δαυίό,</em></strong></span> <span class='ocrx_word' id='word_1_117' title='bbox 1209 1536 1264 1602; x_wconf 82' lang='grc' dir='ltr'><strong><em>καὶ</em></strong></span> <span class='ocrx_word' id='word_1_118' title='bbox 1280 1533 1373 1602; x_wconf 84' lang='grc' dir='ltr'><strong><em>ἐσται</em></strong></span> <span class='ocrx_word' id='word_1_119' title='bbox 1395 1527 1514 1604; x_wconf 84' lang='grc' dir='ltr'><strong><em>αύτῶν</em></strong></span> <span class='ocrx_word' id='word_1_120' title='bbox 1526 1530 1662 1622; x_wconf 90' lang='grc' dir='ltr'><strong><em>ποιμήν·</em></strong></span> <span class='ocrx_word' id='word_1_121' title='bbox 1677 1531 1709 1596; x_wconf 57' lang='lat' dir='ltr'><em>W</em></span> <span class='ocrx_word' id='word_1_122' title='bbox 1727 1530 1812 1629; x_wconf 55' lang='lat' dir='ltr'><strong><em>“ffl&#39;ff&#39;is</em></strong></span> 
     </span>
     <span class='ocr_line' id='line_1_12' title="bbox 357 1598 1810 1722; baseline 0.002 -24"><span class='ocrx_word' id='word_1_123' title='bbox 357 1635 412 1698; x_wconf 85' lang='grc' dir='ltr'><strong><em>καὶ</em></strong></span> <span class='ocrx_word' id='word_1_124' title='bbox 443 1629 509 1716; x_wconf 86' lang='grc' dir='ltr'><strong><em>έγῶ</em></strong></span> <span class='ocrx_word' id='word_1_125' title='bbox 535 1626 651 1716; x_wconf 87' lang='grc' dir='ltr'><strong><em>κύριος</em></strong></span> <span class='ocrx_word' id='word_1_126' title='bbox 676 1630 791 1719; x_wconf 83' lang='grc' dir='ltr'><strong><em>έοομαι</em></strong></span> <span class='ocrx_word' id='word_1_127' title='bbox 817 1625 933 1713; x_wconf 82' lang='grc' dir='ltr'><strong><em>αῦτοίς</em></strong></span> <span class='ocrx_word' id='word_1_128' title='bbox 956 1635 1001 1712; x_wconf 89' lang='grc' dir='ltr'><strong><em>είς</em></strong></span> <span class='ocrx_word' id='word_1_129' title='bbox 1024 1628 1121 1714; x_wconf 88' lang='grc' dir='ltr'><strong><em>θεόν,</em></strong></span> <span class='ocrx_word' id='word_1_130' title='bbox 1152 1635 1208 1702; x_wconf 91' lang='grc' dir='ltr'><strong><em>καί</em></strong></span> <span class='ocrx_word' id='word_1_131' title='bbox 1231 1636 1334 1703; x_wconf 78' lang='grc' dir='ltr'><strong><em>Δαυλδ</em></strong></span> <span class='ocrx_word' id='word_1_132' title='bbox 1362 1634 1400 1702; x_wconf 91' lang='grc' dir='ltr'><strong><em>ἐν</em></strong></span> <span class='ocrx_word' id='word_1_133' title='bbox 1429 1637 1520 1722; x_wconf 87' lang='grc' dir='ltr'><strong><em>μέσῳ</em></strong></span> <span class='ocrx_word' id='word_1_134' title='bbox 1552 1628 1663 1703; x_wconf 76' lang='grc' dir='ltr'><strong><em>αὐτῶν</em></strong></span> <span class='ocrx_word' id='word_1_135' title='bbox 1678 1598 1810 1717; x_wconf 48' lang='grc' dir='ltr'><strong><em>σεῖήηαᾈῖί</em></strong></span> 
     </span>
     <span class='ocr_line' id='line_1_13' title="bbox 359 1665 1803 1821; baseline 0.003 -24"><span class='ocrx_word' id='word_1_136' title='bbox 359 1726 487 1816; x_wconf 81' lang='grc' dir='ltr'><strong><em>ἄρχων·</em></strong></span> <span class='ocrx_word' id='word_1_137' title='bbox 524 1728 590 1816; x_wconf 87' lang='grc' dir='ltr'><strong><em>έγῶ</em></strong></span> <span class='ocrx_word' id='word_1_138' title='bbox 613 1727 727 1816; x_wconf 88' lang='grc' dir='ltr'><strong><em>κύριος</em></strong></span> <span class='ocrx_word' id='word_1_139' title='bbox 757 1726 917 1819; x_wconf 88' lang='grc' dir='ltr'><strong><em>έλάλησα,</em></strong></span> <span class='ocrx_word' id='word_1_140' title='bbox 948 1738 1004 1800; x_wconf 83' lang='grc' dir='ltr'><strong><em>καί</em></strong></span> <span class='ocrx_word' id='word_1_141' title='bbox 1034 1726 1238 1821; x_wconf 79' lang='grc' dir='ltr'><strong><em>διαθήσομαι</em></strong></span> <span class='ocrx_word' id='word_1_142' title='bbox 1269 1737 1320 1821; x_wconf 81' lang='grc' dir='ltr'><strong><em>τῷ</em></strong></span> <span class='ocrx_word' id='word_1_143' title='bbox 1343 1738 1447 1803; x_wconf 78' lang='grc' dir='ltr'><strong><em>Δαυλδ</em></strong></span> <span class='ocrx_word' id='word_1_144' title='bbox 1473 1730 1664 1821; x_wconf 71' lang='grc' dir='ltr'><strong><em>διαθήκηνι.</em></strong></span> <span class='ocrx_word' id='word_1_145' title='bbox 1689 1665 1803 1816; x_wconf 63' lang='grc' dir='ltr'><strong><em>έίξθίῑίαί</em></strong></span> 
     </span>
     <span class='ocr_line' id='line_1_14' title="bbox 357 1796 1797 1920; baseline 0.003 -22"><span class='ocrx_word' id='word_1_146' title='bbox 357 1833 412 1898; x_wconf 89' lang='grc' dir='ltr'><strong><em>καὶ</em></strong></span> <span class='ocrx_word' id='word_1_147' title='bbox 434 1823 515 1914; x_wconf 82' lang='grc' dir='ltr'><strong><em>μεθ’</em></strong></span> <span class='ocrx_word' id='word_1_148' title='bbox 539 1829 636 1917; x_wconf 82' lang='grc' dir='ltr'><strong><em>έτερα</em></strong></span> <span class='ocrx_word' id='word_1_149' title='bbox 657 1834 811 1916; x_wconf 80' lang='grc' dir='ltr'><strong><em>δευτεροῑ</em></strong></span> <span class='ocrx_word' id='word_1_150' title='bbox 830 1829 895 1919; x_wconf 87' lang='grc' dir='ltr'><strong><em>τήν</em></strong></span> <span class='ocrx_word' id='word_1_151' title='bbox 917 1825 1025 1919; x_wconf 85' lang='grc' dir='ltr'><strong><em>αῦτήν</em></strong></span> <span class='ocrx_word' id='word_1_152' title='bbox 1045 1837 1260 1919; x_wconf 85' lang='grc' dir='ltr'><strong><em>προφητείαν</em></strong></span> <span class='ocrx_word' id='word_1_153' title='bbox 1290 1836 1400 1919; x_wconf 87' lang='grc' dir='ltr'><strong><em>λέγων</em></strong></span> <span class='ocrx_word' id='word_1_154' title='bbox 1433 1839 1508 1901; x_wconf 75' lang='grc' dir='ltr'><strong><em>»καὶ</em></strong></span> <span class='ocrx_word' id='word_1_155' title='bbox 1528 1827 1663 1920; x_wconf 74' lang='grc' dir='ltr'><strong><em>ῥύσομαι</em></strong></span> <span class='ocrx_word' id='word_1_156' title='bbox 1703 1796 1797 1919; x_wconf 49' lang='lat' dir='ltr'><strong><em>“ff</em></strong></span> 
     </span>
     <span class='ocr_line' id='line_1_15' title="bbox 359 1920 1664 2019; baseline 0.002 -23"><span class='ocrx_word' id='word_1_157' title='bbox 359 1922 482 2009; x_wconf 81' lang='grc' dir='ltr'><strong><em>αύτούς</em></strong></span> <span class='ocrx_word' id='word_1_158' title='bbox 498 1923 566 1998; x_wconf 84' lang='grc' dir='ltr'><strong><em>ἀπὸ</em></strong></span> <span class='ocrx_word' id='word_1_159' title='bbox 581 1934 703 1999; x_wconf 90' lang='grc' dir='ltr'><strong><em>πασῶν</em></strong></span> <span class='ocrx_word' id='word_1_160' title='bbox 718 1935 793 1999; x_wconf 89' lang='grc' dir='ltr'><strong><em>τῶν</em></strong></span> <span class='ocrx_word' id='word_1_161' title='bbox 814 1925 968 2019; x_wconf 78' lang='grc' dir='ltr'><strong><em>ἀνομιῶν</em></strong></span> <span class='ocrx_word' id='word_1_162' title='bbox 983 1924 1099 2001; x_wconf 88' lang='grc' dir='ltr'><strong><em>αῦτῶν</em></strong></span> <span class='ocrx_word' id='word_1_163' title='bbox 1125 1920 1176 1999; x_wconf 88' lang='grc' dir='ltr'><strong><em>ῶν</em></strong></span> <span class='ocrx_word' id='word_1_164' title='bbox 1199 1925 1396 2018; x_wconf 88' lang='grc' dir='ltr'><strong><em>ήμάρτοοαν</em></strong></span> <span class='ocrx_word' id='word_1_165' title='bbox 1410 1933 1447 2000; x_wconf 90' lang='grc' dir='ltr'><strong><em>ἐν</em></strong></span> <span class='ocrx_word' id='word_1_166' title='bbox 1464 1926 1590 2016; x_wconf 76' lang='grc' dir='ltr'><strong><em>αὐτοῖς,</em></strong></span> <span class='ocrx_word' id='word_1_167' title='bbox 1611 1938 1664 2000; x_wconf 86' lang='grc' dir='ltr'><strong><em>καί</em></strong></span> 
     </span>
    </p>

    <p class='ocr_par' dir='ltr' id='par_1_5' title="bbox 308 2023 1732 2517">
     <span class='ocr_line' id='line_1_16' title="bbox 308 2023 1665 2117; baseline 0.007 -26"><span class='ocrx_word' id='word_1_168' title='bbox 308 2037 340 2092; x_wconf 77' lang='grc'><strong>15</strong></span> <span class='ocrx_word' id='word_1_169' title='bbox 357 2034 514 2115; x_wconf 84' lang='grc' dir='ltr'><strong><em>καθαριῶ</em></strong></span> <span class='ocrx_word' id='word_1_170' title='bbox 529 2023 662 2111; x_wconf 84' lang='grc' dir='ltr'><strong><em>αύτούς,</em></strong></span> <span class='ocrx_word' id='word_1_171' title='bbox 684 2035 740 2099; x_wconf 86' lang='grc' dir='ltr'><strong><em>καὶ</em></strong></span> <span class='ocrx_word' id='word_1_172' title='bbox 761 2030 898 2100; x_wconf 84' lang='grc' dir='ltr'><strong><em>έοονταί</em></strong></span> <span class='ocrx_word' id='word_1_173' title='bbox 918 2057 976 2117; x_wconf 92' lang='grc' dir='ltr'><strong><em>μοι</em></strong></span> <span class='ocrx_word' id='word_1_174' title='bbox 993 2032 1039 2110; x_wconf 88' lang='grc' dir='ltr'><strong><em>είς</em></strong></span> <span class='ocrx_word' id='word_1_175' title='bbox 1060 2024 1155 2115; x_wconf 89' lang='grc' dir='ltr'><strong><em>λαόν,</em></strong></span> <span class='ocrx_word' id='word_1_176' title='bbox 1178 2036 1234 2100; x_wconf 86' lang='grc' dir='ltr'><strong><em>καί</em></strong></span> <span class='ocrx_word' id='word_1_177' title='bbox 1255 2030 1321 2116; x_wconf 86' lang='grc' dir='ltr'><strong><em>ἐγῶ</em></strong></span> <span class='ocrx_word' id='word_1_178' title='bbox 1346 2031 1461 2117; x_wconf 79' lang='grc' dir='ltr'><strong><em>ἔσομαι</em></strong></span> <span class='ocrx_word' id='word_1_179' title='bbox 1485 2026 1600 2113; x_wconf 76' lang='grc' dir='ltr'><strong><em>αὐτοῖς</em></strong></span> <span class='ocrx_word' id='word_1_180' title='bbox 1621 2033 1665 2110; x_wconf 77' lang='grc' dir='ltr'><strong><em>είς</em></strong></span> 
     </span>
     <span class='ocr_line' id='line_1_17' title="bbox 358 2121 1663 2218; baseline 0.001 -22"><span class='ocrx_word' id='word_1_181' title='bbox 358 2122 456 2196; x_wconf 83' lang='grc' dir='ltr'><strong><em>θεόν·</em></strong></span> <span class='ocrx_word' id='word_1_182' title='bbox 491 2133 547 2197; x_wconf 88' lang='grc' dir='ltr'><strong><em>καί</em></strong></span> <span class='ocrx_word' id='word_1_183' title='bbox 578 2121 597 2197; x_wconf 84' lang='grc' dir='ltr'>ὁ</span> <span class='ocrx_word' id='word_1_184' title='bbox 629 2124 750 2211; x_wconf 76' lang='grc' dir='ltr'><strong><em>δοῦλός</em></strong></span> <span class='ocrx_word' id='word_1_185' title='bbox 770 2155 836 2215; x_wconf 91' lang='grc' dir='ltr'><strong><em>μου</em></strong></span> <span class='ocrx_word' id='word_1_186' title='bbox 858 2134 960 2199; x_wconf 78' lang='grc' dir='ltr'><strong><em>Δαυλδ</em></strong></span> <span class='ocrx_word' id='word_1_187' title='bbox 989 2126 1105 2216; x_wconf 79' lang='grc' dir='ltr'><strong><em>ἄρχων</em></strong></span> <span class='ocrx_word' id='word_1_188' title='bbox 1127 2132 1165 2199; x_wconf 90' lang='grc' dir='ltr'><strong><em>ἐν</em></strong></span> <span class='ocrx_word' id='word_1_189' title='bbox 1190 2133 1280 2217; x_wconf 87' lang='grc' dir='ltr'><strong><em>μέσῳ</em></strong></span> <span class='ocrx_word' id='word_1_190' title='bbox 1302 2124 1431 2198; x_wconf 88' lang='grc' dir='ltr'><strong><em>αῦτῶν·</em></strong></span> <span class='ocrx_word' id='word_1_191' title='bbox 1463 2133 1519 2198; x_wconf 82' lang='grc' dir='ltr'><strong><em>καὶ</em></strong></span> <span class='ocrx_word' id='word_1_192' title='bbox 1541 2126 1663 2218; x_wconf 86' lang='grc' dir='ltr'><strong><em>ποιμήν</em></strong></span> 
     </span>
     <span class='ocr_line' id='line_1_18' title="bbox 358 2220 1693 2316; baseline 0.003 -20"><span class='ocrx_word' id='word_1_193' title='bbox 358 2229 452 2296; x_wconf 83' lang='grc' dir='ltr'><strong><em>ἔσται</em></strong></span> <span class='ocrx_word' id='word_1_194' title='bbox 481 2223 626 2297; x_wconf 89' lang='grc' dir='ltr'><strong><em>πάντων</em></strong></span> <span class='ocrx_word' id='word_1_195' title='bbox 656 2223 801 2298; x_wconf 79' lang='grc' dir='ltr'><strong><em>αῦτῶνι.</em></strong></span> <span class='ocrx_word' id='word_1_196' title='bbox 847 2236 903 2298; x_wconf 83' lang='grc' dir='ltr'><strong><em>καί</em></strong></span> <span class='ocrx_word' id='word_1_197' title='bbox 933 2220 1033 2311; x_wconf 83' lang='grc' dir='ltr'><strong><em>αὖθις</em></strong></span> <span class='ocrx_word' id='word_1_198' title='bbox 1062 2231 1207 2316; x_wconf 79' lang='grc' dir='ltr'><strong><em>ἐπιλέγει</em></strong></span> <span class='ocrx_word' id='word_1_199' title='bbox 1238 2233 1311 2297; x_wconf 80' lang='grc' dir='ltr'><strong><em>»καί</em></strong></span> <span class='ocrx_word' id='word_1_200' title='bbox 1334 2230 1437 2297; x_wconf 79' lang='grc' dir='ltr'><strong><em>Δαυὶῦ</em></strong></span> <span class='ocrx_word' id='word_1_201' title='bbox 1470 2221 1490 2298; x_wconf 86' lang='grc' dir='ltr'><strong><em>ό</em></strong></span> <span class='ocrx_word' id='word_1_202' title='bbox 1520 2225 1637 2310; x_wconf 83' lang='grc' dir='ltr'><strong><em>δοῦλός</em></strong></span> <span class='ocrx_word' id='word_1_203' title='bbox 1679 2233 1693 2288; x_wconf 79' lang='grc'><strong>3</strong></span> 
     </span>
     <span class='ocr_line' id='line_1_19' title="bbox 357 2321 1732 2413; baseline 0.002 -18"><span class='ocrx_word' id='word_1_204' title='bbox 357 2353 422 2413; x_wconf 92' lang='grc' dir='ltr'><strong><em>μου</em></strong></span> <span class='ocrx_word' id='word_1_205' title='bbox 443 2324 559 2413; x_wconf 81' lang='grc' dir='ltr'><strong><em>ἄρχων</em></strong></span> <span class='ocrx_word' id='word_1_206' title='bbox 580 2321 698 2397; x_wconf 86' lang='grc' dir='ltr'><strong><em>αῦτῶν</em></strong></span> <span class='ocrx_word' id='word_1_207' title='bbox 720 2333 766 2410; x_wconf 86' lang='grc' dir='ltr'><strong><em>εἰς</em></strong></span> <span class='ocrx_word' id='word_1_208' title='bbox 788 2325 851 2397; x_wconf 84' lang='grc' dir='ltr'><strong><em>τόν</em></strong></span> <span class='ocrx_word' id='word_1_209' title='bbox 872 2330 1008 2399; x_wconf 80' lang='grc' dir='ltr'><strong><em>αίῶναι.</em></strong></span> <span class='ocrx_word' id='word_1_210' title='bbox 1051 2333 1116 2398; x_wconf 88' lang='grc' dir='ltr'><strong><em>θέα</em></strong></span> <span class='ocrx_word' id='word_1_211' title='bbox 1142 2332 1179 2399; x_wconf 77' lang='grc' dir='ltr'><strong><em>δέ</em></strong></span> <span class='ocrx_word' id='word_1_212' title='bbox 1200 2331 1238 2398; x_wconf 93' lang='grc' dir='ltr'><strong><em>ἐν</em></strong></span> <span class='ocrx_word' id='word_1_213' title='bbox 1267 2333 1372 2399; x_wconf 83' lang='grc' dir='ltr'><strong><em>πᾶσιν</em></strong></span> <span class='ocrx_word' id='word_1_214' title='bbox 1402 2326 1541 2411; x_wconf 83' lang='grc' dir='ltr'><strong><em>τούτοις</em></strong></span> <span class='ocrx_word' id='word_1_215' title='bbox 1571 2324 1617 2411; x_wconf 88' lang='grc' dir='ltr'><strong><em>ῶς</em></strong></span> <span class='ocrx_word' id='word_1_216' title='bbox 1645 2321 1732 2398; x_wconf 73' lang='grc'><strong>6189</strong></span> 
     </span>
     <span class='ocr_line' id='line_1_20' title="bbox 356 2421 1664 2517; baseline 0.002 -23"><span class='ocrx_word' id='word_1_217' title='bbox 356 2429 418 2511; x_wconf 79' lang='grc' dir='ltr'><strong><em>μὲν</em></strong></span> <span class='ocrx_word' id='word_1_218' title='bbox 441 2424 522 2508; x_wconf 86' lang='grc' dir='ltr'><strong><em>θεὸς</em></strong></span> <span class='ocrx_word' id='word_1_219' title='bbox 544 2421 585 2497; x_wconf 86' lang='grc' dir='ltr'><strong><em>οῦ</em></strong></span> <span class='ocrx_word' id='word_1_220' title='bbox 605 2425 734 2517; x_wconf 85' lang='grc' dir='ltr'><strong><em>ποιμήν</em></strong></span> <span class='ocrx_word' id='word_1_221' title='bbox 756 2422 833 2498; x_wconf 84' lang='grc' dir='ltr'><strong><em>οῦδέ</em></strong></span> <span class='ocrx_word' id='word_1_222' title='bbox 856 2425 972 2514; x_wconf 81' lang='grc' dir='ltr'><strong><em>ἄρχων</em></strong></span> <span class='ocrx_word' id='word_1_223' title='bbox 988 2423 1074 2499; x_wconf 81' lang='grc' dir='ltr'><strong><em>ἀλλὰ</em></strong></span> <span class='ocrx_word' id='word_1_224' title='bbox 1090 2425 1171 2510; x_wconf 84' lang='grc' dir='ltr'><strong><em>θεὸς</em></strong></span> <span class='ocrx_word' id='word_1_225' title='bbox 1185 2427 1320 2498; x_wconf 77' lang='grc' dir='ltr'><strong><em>ἔσεσθαι</em></strong></span> <span class='ocrx_word' id='word_1_226' title='bbox 1335 2433 1409 2497; x_wconf 90' lang='grc' dir='ltr'><strong><em>τῶν</em></strong></span> <span class='ocrx_word' id='word_1_227' title='bbox 1424 2434 1490 2500; x_wconf 90' lang='grc' dir='ltr'><strong><em>τοῦ</em></strong></span> <span class='ocrx_word' id='word_1_228' title='bbox 1503 2433 1664 2517; x_wconf 82' lang='grc' dir='ltr'><strong><em>μακαρίου</em></strong></span> 
     </span>
    </p>

    <p class='ocr_par' dir='ltr' id='par_1_6' title="bbox 307 2521 1694 3014">
     <span class='ocr_line' id='line_1_21' title="bbox 307 2521 1664 2616; baseline 0.004 -24"><span class='ocrx_word' id='word_1_229' title='bbox 307 2535 341 2592; x_wconf 86' lang='grc'><strong><em>20</em></strong></span> <span class='ocrx_word' id='word_1_230' title='bbox 358 2530 477 2606; x_wconf 86' lang='grc' dir='ltr'><strong><em>τέλους</em></strong></span> <span class='ocrx_word' id='word_1_231' title='bbox 498 2532 857 2616; x_wconf 79' lang='grc' dir='ltr'><strong><em>καταξιωθήσομένων</em></strong></span> <span class='ocrx_word' id='word_1_232' title='bbox 878 2532 1021 2615; x_wconf 86' lang='grc' dir='ltr'><strong><em>λέγεται·</em></strong></span> <span class='ocrx_word' id='word_1_233' title='bbox 1058 2532 1132 2597; x_wconf 89' lang='grc' dir='ltr'><strong><em>τῶν</em></strong></span> <span class='ocrx_word' id='word_1_234' title='bbox 1163 2530 1198 2596; x_wconf 77' lang='grc' dir='ltr'><strong><em>δέ</em></strong></span> <span class='ocrx_word' id='word_1_235' title='bbox 1228 2521 1346 2596; x_wconf 87' lang='grc' dir='ltr'><strong><em>αῦτῶν</em></strong></span> <span class='ocrx_word' id='word_1_236' title='bbox 1372 2525 1513 2598; x_wconf 87' lang='grc' dir='ltr'><strong><em>τούτων</em></strong></span> <span class='ocrx_word' id='word_1_237' title='bbox 1538 2554 1664 2615; x_wconf 85' lang='grc' dir='ltr'><strong><em>προφη-</em></strong></span> 
     </span>
     <span class='ocr_line' id='line_1_22' title="bbox 357 2619 1665 2716; baseline 0.002 -22"><span class='ocrx_word' id='word_1_238' title='bbox 357 2622 490 2696; x_wconf 87' lang='grc' dir='ltr'><strong><em>τεύεται</em></strong></span> <span class='ocrx_word' id='word_1_239' title='bbox 526 2624 641 2713; x_wconf 82' lang='grc' dir='ltr'><strong><em>ἄρχων</em></strong></span> <span class='ocrx_word' id='word_1_240' title='bbox 676 2631 732 2696; x_wconf 90' lang='grc' dir='ltr'><strong><em>καί</em></strong></span> <span class='ocrx_word' id='word_1_241' title='bbox 762 2625 891 2716; x_wconf 88' lang='grc' dir='ltr'><strong><em>ποιμήν</em></strong></span> <span class='ocrx_word' id='word_1_242' title='bbox 920 2624 1119 2716; x_wconf 87' lang='grc' dir='ltr'><strong><em>γενήσεσθαι</em></strong></span> <span class='ocrx_word' id='word_1_243' title='bbox 1149 2619 1168 2696; x_wconf 86' lang='grc' dir='ltr'><strong><em>ό</em></strong></span> <span class='ocrx_word' id='word_1_244' title='bbox 1200 2631 1316 2709; x_wconf 82' lang='grc' dir='ltr'><strong><em>Δαυίδ,</em></strong></span> <span class='ocrx_word' id='word_1_245' title='bbox 1354 2629 1665 2716; x_wconf 87' lang='grc' dir='ltr'><strong><em>ἐπικεκαλυμμένως</em></strong></span> 
     </span>
     <span class='ocr_line' id='line_1_23' title="bbox 357 2722 1660 2814; baseline 0.002 -19"><span class='ocrx_word' id='word_1_246' title='bbox 357 2727 510 2795; x_wconf 89' lang='grc' dir='ltr'><strong><em>ἐνταῦθα</em></strong></span> <span class='ocrx_word' id='word_1_247' title='bbox 531 2732 595 2796; x_wconf 87' lang='grc' dir='ltr'><strong><em>τοῦ</em></strong></span> <span class='ocrx_word' id='word_1_248' title='bbox 610 2730 713 2796; x_wconf 80' lang='grc' dir='ltr'><strong><em>Δαυὶό</em></strong></span> <span class='ocrx_word' id='word_1_249' title='bbox 733 2724 797 2797; x_wconf 85' lang='grc' dir='ltr'><strong><em>τὸν</em></strong></span> <span class='ocrx_word' id='word_1_250' title='bbox 811 2724 961 2813; x_wconf 84' lang='grc' dir='ltr'><strong><em>Χριστὸν</em></strong></span> <span class='ocrx_word' id='word_1_251' title='bbox 984 2729 1221 2813; x_wconf 82' lang='grc' dir='ltr'><strong><em>αἰνιττομένου</em></strong></span> <span class='ocrx_word' id='word_1_252' title='bbox 1242 2722 1297 2795; x_wconf 80' lang='grc' dir='ltr'><strong><em>διὰ</em></strong></span> <span class='ocrx_word' id='word_1_253' title='bbox 1319 2722 1359 2796; x_wconf 84' lang='grc' dir='ltr'><strong><em>τὸ</em></strong></span> <span class='ocrx_word' id='word_1_254' title='bbox 1385 2729 1441 2796; x_wconf 74' lang='grc' dir='ltr'><strong><em>»ἐκ</em></strong></span> <span class='ocrx_word' id='word_1_255' title='bbox 1456 2732 1660 2814; x_wconf 66' lang='grc' dir='ltr'><strong><em>σπέρματος(</em></strong></span> 
     </span>
     <span class='ocr_line' id='line_1_24' title="bbox 357 2818 1694 2914; baseline 0.001 -21"><span class='ocrx_word' id='word_1_256' title='bbox 357 2818 464 2895; x_wconf 86' lang='grc' dir='ltr'><strong><em>αῦτοῦ</em></strong></span> <span class='ocrx_word' id='word_1_257' title='bbox 486 2831 668 2912; x_wconf 87' lang='grc' dir='ltr'><strong><em>γεγονέναι.</em></strong></span> <span class='ocrx_word' id='word_1_258' title='bbox 712 2830 816 2896; x_wconf 87' lang='grc' dir='ltr'><strong><em>τοῦτο</em></strong></span> <span class='ocrx_word' id='word_1_259' title='bbox 848 2831 883 2896; x_wconf 82' lang='grc' dir='ltr'><strong><em>δέ</em></strong></span> <span class='ocrx_word' id='word_1_260' title='bbox 905 2830 1011 2914; x_wconf 78' lang='grc' dir='ltr'><strong><em>δῆλον</em></strong></span> <span class='ocrx_word' id='word_1_261' title='bbox 1032 2828 1069 2895; x_wconf 90' lang='grc' dir='ltr'><strong><em>ἐκ</em></strong></span> <span class='ocrx_word' id='word_1_262' title='bbox 1095 2830 1159 2896; x_wconf 88' lang='grc' dir='ltr'><strong><em>τοῦ</em></strong></span> <span class='ocrx_word' id='word_1_263' title='bbox 1184 2831 1457 2914; x_wconf 88' lang='grc' dir='ltr'><strong><em>προτεθνηκέναι</em></strong></span> <span class='ocrx_word' id='word_1_264' title='bbox 1482 2823 1544 2897; x_wconf 85' lang='grc' dir='ltr'><strong><em>τὸν</em></strong></span> <span class='ocrx_word' id='word_1_265' title='bbox 1567 2829 1665 2895; x_wconf 80' lang='grc' dir='ltr'><strong><em>Λαυίδ</em></strong></span> <span class='ocrx_word' id='word_1_266' title='bbox 1678 2834 1694 2884; x_wconf 82' lang='grc'>4</span> 
     </span>
     <span class='ocr_line' id='line_1_25' title="bbox 358 2917 1662 3014; baseline 0 -22"><span class='ocrx_word' id='word_1_267' title='bbox 358 2929 422 2994; x_wconf 85' lang='grc' dir='ltr'><strong><em>τοῦ</em></strong></span> <span class='ocrx_word' id='word_1_268' title='bbox 441 2920 567 3012; x_wconf 87' lang='grc' dir='ltr'><strong><em>χρόνου</em></strong></span> <span class='ocrx_word' id='word_1_269' title='bbox 586 2920 666 2994; x_wconf 79' lang='grc' dir='ltr'><strong><em>καθ’</em></strong></span> <span class='ocrx_word' id='word_1_270' title='bbox 689 2917 730 2994; x_wconf 81' lang='grc' dir='ltr'><strong><em>ῦν</em></strong></span> <span class='ocrx_word' id='word_1_271' title='bbox 752 2919 847 2996; x_wconf 81' lang='grc' dir='ltr'><strong><em>ταῦτ’</em></strong></span> <span class='ocrx_word' id='word_1_272' title='bbox 870 2929 1012 3014; x_wconf 85' lang='grc' dir='ltr'><strong><em>ἐλέγετο.</em></strong></span> <span class='ocrx_word' id='word_1_273' title='bbox 1048 2930 1258 3011; x_wconf 88' lang='grc' dir='ltr'><strong><em>σαφέστερον</em></strong></span> <span class='ocrx_word' id='word_1_274' title='bbox 1279 2929 1315 2996; x_wconf 86' lang='grc' dir='ltr'><strong><em>(ίέ</em></strong></span> <span class='ocrx_word' id='word_1_275' title='bbox 1338 2929 1448 2995; x_wconf 81' lang='grc' dir='ltr'><strong><em>ταῦτα</em></strong></span> <span class='ocrx_word' id='word_1_276' title='bbox 1470 2931 1526 2995; x_wconf 84' lang='grc' dir='ltr'><strong><em>καί</em></strong></span> <span class='ocrx_word' id='word_1_277' title='bbox 1542 2922 1662 3012; x_wconf 82' lang='grc' dir='ltr'><strong><em>Δανιήλ</em></strong></span> 
     </span>
    </p>

    <p class='ocr_par' dir='ltr' id='par_1_7' title="bbox 305 3016 1666 3512">
     <span class='ocr_line' id='line_1_26' title="bbox 305 3016 1665 3113; baseline 0.004 -25"><span class='ocrx_word' id='word_1_278' title='bbox 305 3016 377 3094; x_wconf 74' lang='grc' dir='ltr'><strong><em>θόό</em></strong></span> <span class='ocrx_word' id='word_1_279' title='bbox 399 3021 580 3113; x_wconf 89' lang='grc' dir='ltr'><strong><em>προφήτης</em></strong></span> <span class='ocrx_word' id='word_1_280' title='bbox 601 3032 752 3110; x_wconf 75' lang='grc' dir='ltr'><strong><em>θεσπίζει</em></strong></span> <span class='ocrx_word' id='word_1_281' title='bbox 775 3022 837 3094; x_wconf 85' lang='grc' dir='ltr'><strong><em>τόν</em></strong></span> <span class='ocrx_word' id='word_1_282' title='bbox 859 3020 1009 3111; x_wconf 85' lang='grc' dir='ltr'><strong><em>Χριστόν</em></strong></span> <span class='ocrx_word' id='word_1_283' title='bbox 1031 3029 1095 3096; x_wconf 90' lang='grc' dir='ltr'><strong><em>τοῦ</em></strong></span> <span class='ocrx_word' id='word_1_284' title='bbox 1117 3029 1202 3095; x_wconf 88' lang='grc' dir='ltr'><strong><em>θεοῦ</em></strong></span> <span class='ocrx_word' id='word_1_285' title='bbox 1223 3020 1301 3094; x_wconf 82' lang='grc' dir='ltr'><strong><em>υίόν</em></strong></span> <span class='ocrx_word' id='word_1_286' title='bbox 1324 3019 1519 3111; x_wconf 89' lang='grc' dir='ltr'><strong><em>ἀνθρῶπου</em></strong></span> <span class='ocrx_word' id='word_1_287' title='bbox 1549 3019 1665 3111; x_wconf 82' lang='grc' dir='ltr'><strong><em>ὄνομά·</em></strong></span> 
     </span>
     <span class='ocr_line' id='line_1_27' title="bbox 358 3116 1666 3214; baseline -0.002 -22"><span class='ocrx_word' id='word_1_288' title='bbox 358 3131 428 3208; x_wconf 76' lang='grc' dir='ltr'><strong><em>ζων</em></strong></span> <span class='ocrx_word' id='word_1_289' title='bbox 450 3130 578 3206; x_wconf 88' lang='grc' dir='ltr'><strong><em>λευκῶς</em></strong></span> <span class='ocrx_word' id='word_1_290' title='bbox 600 3118 722 3207; x_wconf 75' lang='grc' dir='ltr'><strong><em>οὕτως,</em></strong></span> <span class='ocrx_word' id='word_1_291' title='bbox 747 3122 862 3212; x_wconf 80' lang='grc' dir='ltr'><strong><em>ῶσπερ</em></strong></span> <span class='ocrx_word' id='word_1_292' title='bbox 885 3116 948 3194; x_wconf 89' lang='grc' dir='ltr'><strong><em>οῦν</em></strong></span> <span class='ocrx_word' id='word_1_293' title='bbox 968 3131 1024 3195; x_wconf 86' lang='grc' dir='ltr'><strong><em>καὶ</em></strong></span> <span class='ocrx_word' id='word_1_294' title='bbox 1046 3119 1067 3214; x_wconf 85' lang='grc' dir='ltr'><strong><em>ή</em></strong></span> <span class='ocrx_word' id='word_1_295' title='bbox 1091 3131 1164 3196; x_wconf 91' lang='grc' dir='ltr'><strong><em>τῶν</em></strong></span> <span class='ocrx_word' id='word_1_296' title='bbox 1184 3126 1288 3209; x_wconf 88' lang='grc' dir='ltr'><strong><em>ίερῶν</em></strong></span> <span class='ocrx_word' id='word_1_297' title='bbox 1302 3118 1523 3212; x_wconf 81' lang='grc' dir='ltr'><strong><em>Εύαγγελίων</em></strong></span> <span class='ocrx_word' id='word_1_298' title='bbox 1544 3126 1666 3194; x_wconf 84' lang='grc' dir='ltr'><strong><em>εἴωθεν</em></strong></span> 
     </span>
     <span class='ocr_line' id='line_1_28' title="bbox 357 3217 1666 3313; baseline -0.001 -21"><span class='ocrx_word' id='word_1_299' title='bbox 357 3217 464 3292; x_wconf 77' lang='grc' dir='ltr'><strong><em>αὐτόν</em></strong></span> <span class='ocrx_word' id='word_1_300' title='bbox 485 3218 672 3295; x_wconf 75' lang='grc' dir='ltr'><strong><em>ἀποκαλεῖν</em></strong></span> <span class='ocrx_word' id='word_1_301' title='bbox 694 3221 814 3313; x_wconf 88' lang='grc' dir='ltr'><strong><em>γραφή.</em></strong></span> <span class='ocrx_word' id='word_1_302' title='bbox 857 3230 944 3312; x_wconf 87' lang='grc' dir='ltr'><strong><em>λέγει</em></strong></span> <span class='ocrx_word' id='word_1_303' title='bbox 972 3229 1007 3295; x_wconf 78' lang='grc' dir='ltr'><strong><em>δὲ</em></strong></span> <span class='ocrx_word' id='word_1_304' title='bbox 1038 3229 1166 3295; x_wconf 87' lang='grc' dir='ltr'><strong><em>τοῦτον</em></strong></span> <span class='ocrx_word' id='word_1_305' title='bbox 1196 3220 1260 3293; x_wconf 88' lang='grc' dir='ltr'><strong><em>τόν</em></strong></span> <span class='ocrx_word' id='word_1_306' title='bbox 1291 3218 1435 3308; x_wconf 87' lang='grc' dir='ltr'><strong><em>τρόπον·</em></strong></span> <span class='ocrx_word' id='word_1_307' title='bbox 1477 3222 1666 3308; x_wconf 75' lang='grc' dir='ltr'><strong><em>»ἐθεώρουν</em></strong></span> 
     </span>
     <span class='ocr_line' id='line_1_29' title="bbox 358 3316 1664 3413; baseline 0 -21"><span class='ocrx_word' id='word_1_308' title='bbox 358 3326 395 3392; x_wconf 91' lang='grc' dir='ltr'><strong><em>ἐν</em></strong></span> <span class='ocrx_word' id='word_1_309' title='bbox 417 3316 561 3411; x_wconf 77' lang='grc' dir='ltr'><strong><em>ὁράματι</em></strong></span> <span class='ocrx_word' id='word_1_310' title='bbox 582 3329 644 3412; x_wconf 79' lang='grc' dir='ltr'><strong><em>τῆς</em></strong></span> <span class='ocrx_word' id='word_1_311' title='bbox 665 3319 796 3407; x_wconf 82' lang='grc' dir='ltr'><strong><em>νυκτός,</em></strong></span> <span class='ocrx_word' id='word_1_312' title='bbox 818 3329 874 3392; x_wconf 86' lang='grc' dir='ltr'><strong><em>καί</em></strong></span> <span class='ocrx_word' id='word_1_313' title='bbox 896 3323 971 3395; x_wconf 80' lang='grc' dir='ltr'><strong><em>ίθοῦ</em></strong></span> <span class='ocrx_word' id='word_1_314' title='bbox 991 3322 1076 3413; x_wconf 80' lang='grc' dir='ltr'><strong><em>μετὰ</em></strong></span> <span class='ocrx_word' id='word_1_315' title='bbox 1096 3328 1170 3394; x_wconf 86' lang='grc' dir='ltr'><strong><em>τῶν</em></strong></span> <span class='ocrx_word' id='word_1_316' title='bbox 1193 3328 1349 3408; x_wconf 80' lang='grc' dir='ltr'><strong><em>νεφελῶν</em></strong></span> <span class='ocrx_word' id='word_1_317' title='bbox 1372 3326 1434 3392; x_wconf 90' lang='grc' dir='ltr'><strong><em>τοῦ</em></strong></span> <span class='ocrx_word' id='word_1_318' title='bbox 1457 3318 1606 3411; x_wconf 80' lang='grc' dir='ltr'><strong><em>ούρανοῦ</em></strong></span> <span class='ocrx_word' id='word_1_319' title='bbox 1620 3317 1664 3402; x_wconf 87' lang='grc' dir='ltr'><strong><em>ῶς</em></strong></span> 
     </span>
     <span class='ocr_line' id='line_1_30' title="bbox 357 3415 1665 3512; baseline 0.001 -23"><span class='ocrx_word' id='word_1_320' title='bbox 357 3420 430 3503; x_wconf 86' lang='grc' dir='ltr'><strong><em>υίὸς</em></strong></span> <span class='ocrx_word' id='word_1_321' title='bbox 461 3417 652 3509; x_wconf 81' lang='grc' dir='ltr'><strong><em>ἀνθρώπου</em></strong></span> <span class='ocrx_word' id='word_1_322' title='bbox 681 3421 858 3512; x_wconf 87' lang='grc' dir='ltr'><strong><em>ἐρχόμενος</em></strong></span> <span class='ocrx_word' id='word_1_323' title='bbox 888 3415 944 3511; x_wconf 81' lang='grc' dir='ltr'><strong><em>ἦν,</em></strong></span> <span class='ocrx_word' id='word_1_324' title='bbox 975 3432 1031 3493; x_wconf 87' lang='grc' dir='ltr'><strong><em>καὶ</em></strong></span> <span class='ocrx_word' id='word_1_325' title='bbox 1062 3423 1127 3504; x_wconf 68' lang='grc' dir='ltr'><strong><em>ἕως</em></strong></span> <span class='ocrx_word' id='word_1_326' title='bbox 1157 3428 1221 3494; x_wconf 86' lang='grc' dir='ltr'><strong><em>τοῦ</em></strong></span> <span class='ocrx_word' id='word_1_327' title='bbox 1249 3426 1398 3493; x_wconf 81' lang='grc' dir='ltr'><strong><em>παλαιοῦ</em></strong></span> <span class='ocrx_word' id='word_1_328' title='bbox 1427 3427 1504 3492; x_wconf 89' lang='grc' dir='ltr'><strong><em>τῶν</em></strong></span> <span class='ocrx_word' id='word_1_329' title='bbox 1534 3417 1665 3510; x_wconf 81' lang='grc' dir='ltr'><strong><em>ἡμεροῦν</em></strong></span> 
     </span>
    </p>

    <p class='ocr_par' dir='ltr' id='par_1_8' title="bbox 306 3516 1692 3910">
     <span class='ocr_line' id='line_1_31' title="bbox 306 3516 1664 3612; baseline 0.001 -24"><span class='ocrx_word' id='word_1_330' title='bbox 306 3532 340 3588; x_wconf 88' lang='grc'><strong><em>30</em></strong></span> <span class='ocrx_word' id='word_1_331' title='bbox 357 3520 521 3606; x_wconf 78' lang='grc' dir='ltr'><strong><em>ἔφθασεν·</em></strong></span> <span class='ocrx_word' id='word_1_332' title='bbox 541 3529 597 3590; x_wconf 83' lang='grc' dir='ltr'><strong><em>καί</em></strong></span> <span class='ocrx_word' id='word_1_333' title='bbox 617 3529 835 3612; x_wconf 87' lang='grc' dir='ltr'><strong><em>προσηνέχθη</em></strong></span> <span class='ocrx_word' id='word_1_334' title='bbox 858 3519 995 3612; x_wconf 82' lang='grc' dir='ltr'><strong><em>&lt;αῦτῴ&gt;.</em></strong></span> <span class='ocrx_word' id='word_1_335' title='bbox 1030 3529 1086 3592; x_wconf 89' lang='grc' dir='ltr'><strong><em>καί</em></strong></span> <span class='ocrx_word' id='word_1_336' title='bbox 1102 3518 1197 3611; x_wconf 83' lang='grc' dir='ltr'><strong><em>αύτῷ</em></strong></span> <span class='ocrx_word' id='word_1_337' title='bbox 1219 3516 1360 3609; x_wconf 83' lang='grc' dir='ltr'><strong><em>ἐδόθηή</em></strong></span> <span class='ocrx_word' id='word_1_338' title='bbox 1376 3517 1531 3609; x_wconf 80' lang='grc' dir='ltr'><strong><em>ἀρχὴκαὶ</em></strong></span> <span class='ocrx_word' id='word_1_339' title='bbox 1553 3517 1664 3610; x_wconf 85' lang='grc' dir='ltr'><strong><em>ήτιμή</em></strong></span> 
     </span>
     <span class='ocr_line' id='line_1_32' title="bbox 357 3615 1664 3710; baseline 0.002 -23"><span class='ocrx_word' id='word_1_340' title='bbox 357 3625 412 3688; x_wconf 82' lang='grc' dir='ltr'><strong><em>καί</em></strong></span> <span class='ocrx_word' id='word_1_341' title='bbox 440 3615 460 3708; x_wconf 82' lang='grc' dir='ltr'><em>ἡ</em></span> <span class='ocrx_word' id='word_1_342' title='bbox 487 3627 650 3705; x_wconf 87' lang='grc' dir='ltr'><strong><em>βασιλεία,</em></strong></span> <span class='ocrx_word' id='word_1_343' title='bbox 681 3627 738 3693; x_wconf 85' lang='grc' dir='ltr'><strong><em>καί</em></strong></span> <span class='ocrx_word' id='word_1_344' title='bbox 767 3618 894 3705; x_wconf 87' lang='grc' dir='ltr'><strong><em>πάντες</em></strong></span> <span class='ocrx_word' id='word_1_345' title='bbox 915 3626 947 3693; x_wconf 87' lang='grc' dir='ltr'><strong><em>οί</em></strong></span> <span class='ocrx_word' id='word_1_346' title='bbox 969 3630 1059 3704; x_wconf 88' lang='grc' dir='ltr'><strong><em>λαοί,</em></strong></span> <span class='ocrx_word' id='word_1_347' title='bbox 1083 3627 1197 3708; x_wconf 88' lang='grc' dir='ltr'><strong><em>φυλαί,</em></strong></span> <span class='ocrx_word' id='word_1_348' title='bbox 1229 3625 1377 3706; x_wconf 82' lang='grc' dir='ltr'><strong><em>γλῶσσαι</em></strong></span> <span class='ocrx_word' id='word_1_349' title='bbox 1408 3616 1505 3710; x_wconf 80' lang='grc' dir='ltr'><strong><em>αύτῷ</em></strong></span> <span class='ocrx_word' id='word_1_350' title='bbox 1536 3616 1664 3692; x_wconf 83' lang='grc' dir='ltr'><strong><em>δουλεύ-</em></strong></span> 
     </span>
     <span class='ocr_line' id='line_1_33' title="bbox 357 3714 1692 3808; baseline -0.003 -18"><span class='ocrx_word' id='word_1_351' title='bbox 357 3743 485 3791; x_wconf 87' lang='grc' dir='ltr'><strong><em>σουσιν·</em></strong></span> <span class='ocrx_word' id='word_1_352' title='bbox 521 3714 542 3808; x_wconf 82' lang='grc' dir='ltr'><em>ἦ</em></span> <span class='ocrx_word' id='word_1_353' title='bbox 563 3723 696 3806; x_wconf 75' lang='grc' dir='ltr'><strong><em>ἐξουσία</em></strong></span> <span class='ocrx_word' id='word_1_354' title='bbox 718 3716 824 3792; x_wconf 87' lang='grc' dir='ltr'><strong><em>αῦτοῦ</em></strong></span> <span class='ocrx_word' id='word_1_355' title='bbox 846 3725 978 3807; x_wconf 76' lang='grc' dir='ltr'><strong><em>ἐξουσία</em></strong></span> <span class='ocrx_word' id='word_1_356' title='bbox 1004 3721 1142 3802; x_wconf 85' lang='grc' dir='ltr'><strong><em>αίῶνιος</em></strong></span> <span class='ocrx_word' id='word_1_357' title='bbox 1169 3715 1243 3808; x_wconf 84' lang='grc' dir='ltr'><strong><em>ήτις</em></strong></span> <span class='ocrx_word' id='word_1_358' title='bbox 1265 3715 1306 3790; x_wconf 88' lang='grc' dir='ltr'><strong><em>οῦ</em></strong></span> <span class='ocrx_word' id='word_1_359' title='bbox 1329 3718 1585 3807; x_wconf 81' lang='grc' dir='ltr'><strong><em>παρελεύσεται,</em></strong></span> <span class='ocrx_word' id='word_1_360' title='bbox 1610 3724 1692 3789; x_wconf 75' lang='grc' dir='ltr'><strong><em>καὶὸ</em></strong></span> 
     </span>
     <span class='ocr_line' id='line_1_34' title="bbox 357 3814 1663 3910; baseline -0.002 -20"><span class='ocrx_word' id='word_1_361' title='bbox 357 3814 548 3907; x_wconf 86' lang='grc' dir='ltr'><strong><em>ήβασιλεία</em></strong></span> <span class='ocrx_word' id='word_1_362' title='bbox 576 3815 683 3890; x_wconf 87' lang='grc' dir='ltr'><strong><em>αῦτοῦ</em></strong></span> <span class='ocrx_word' id='word_1_363' title='bbox 713 3815 754 3891; x_wconf 89' lang='grc' dir='ltr'><strong><em>ού</em></strong></span> <span class='ocrx_word' id='word_1_364' title='bbox 785 3818 1084 3910; x_wconf 72' lang='grc' dir='ltr'><strong><em>διαφθαρήσεταιι.</em></strong></span> <span class='ocrx_word' id='word_1_365' title='bbox 1127 3824 1269 3910; x_wconf 80' lang='grc' dir='ltr'><strong><em>συνορᾷς</em></strong></span> <span class='ocrx_word' id='word_1_366' title='bbox 1301 3815 1349 3902; x_wconf 87' lang='grc' dir='ltr'><strong><em>ῶς</em></strong></span> <span class='ocrx_word' id='word_1_367' title='bbox 1377 3825 1435 3889; x_wconf 90' lang='grc' dir='ltr'><strong><em>καί</em></strong></span> <span class='ocrx_word' id='word_1_368' title='bbox 1460 3824 1499 3891; x_wconf 90' lang='grc' dir='ltr'><strong><em>ἐν</em></strong></span> <span class='ocrx_word' id='word_1_369' title='bbox 1530 3818 1663 3899; x_wconf 89' lang='grc' dir='ltr'><strong><em>τούτοις</em></strong></span> 
     </span>
    </p>
   </div>
   <div class='ocr_carea' id='block_1_3' title="bbox 357 3914 1663 4009">
    <p class='ocr_par' dir='ltr' id='par_1_9' title="bbox 357 3914 1663 4009">
     <span class='ocr_line' id='line_1_35' title="bbox 357 3914 1663 4009; baseline -0.001 -21"><span class='ocrx_word' id='word_1_370' title='bbox 357 3918 543 4005; x_wconf 80' lang='grc' dir='ltr'><strong><em>ἄφθαρτον</em></strong></span> <span class='ocrx_word' id='word_1_371' title='bbox 564 3926 619 3988; x_wconf 79' lang='grc' dir='ltr'><strong><em>καὶ</em></strong></span> <span class='ocrx_word' id='word_1_372' title='bbox 642 3915 757 4009; x_wconf 87' lang='grc' dir='ltr'><strong><em>ἀγήρω</em></strong></span> <span class='ocrx_word' id='word_1_373' title='bbox 779 3928 836 3990; x_wconf 84' lang='grc' dir='ltr'><strong><em>καί</em></strong></span> <span class='ocrx_word' id='word_1_374' title='bbox 858 3916 1087 4009; x_wconf 87' lang='grc' dir='ltr'><strong><em>ἀτελεύτητον</em></strong></span> <span class='ocrx_word' id='word_1_375' title='bbox 1109 3915 1150 3991; x_wconf 85' lang='grc' dir='ltr'><strong><em>ού</em></strong></span> <span class='ocrx_word' id='word_1_376' title='bbox 1171 3914 1353 4007; x_wconf 88' lang='grc' dir='ltr'><strong><em>τοῦλόγου</em></strong></span> <span class='ocrx_word' id='word_1_377' title='bbox 1374 3924 1438 3989; x_wconf 88' lang='grc' dir='ltr'><strong><em>τοῦ</em></strong></span> <span class='ocrx_word' id='word_1_378' title='bbox 1459 3925 1498 3991; x_wconf 88' lang='grc' dir='ltr'><strong><em>ἐν</em></strong></span> <span class='ocrx_word' id='word_1_379' title='bbox 1520 3925 1571 4009; x_wconf 82' lang='grc' dir='ltr'><strong><em>τῷ</em></strong></span> <span class='ocrx_word' id='word_1_380' title='bbox 1593 3923 1663 4007; x_wconf 79' lang='grc' dir='ltr'><strong><em>θεῷ</em></strong></span> 
     </span>
    </p>
   </div>
   <div class='ocr_carea' id='block_1_4' title="bbox 356 4087 1664 4258">
    <p class='ocr_par' dir='ltr' id='par_1_10' title="bbox 356 4087 1664 4258">
     <span class='ocr_line' id='line_1_36' title="bbox 440 4087 1664 4154; baseline -0.002 -11"><span class='ocrx_word' id='word_1_381' title='bbox 440 4087 641 4153; x_wconf 78' lang='lat' dir='ltr'>4Ez.34,11.</span> <span class='ocrx_word' id='word_1_382' title='bbox 661 4090 694 4143; x_wconf 86' lang='grc'><strong>12</strong></span> <span class='ocrx_word' id='word_1_383' title='bbox 712 4118 745 4128; x_wconf 94' lang='grc'>-</span> <span class='ocrx_word' id='word_1_384' title='bbox 765 4090 780 4145; x_wconf 77' lang='grc'><strong>1</strong></span> <span class='ocrx_word' id='word_1_385' title='bbox 801 4089 848 4144; x_wconf 68' lang='grc' dir='ltr'><strong><em>ΕΖ.</em></strong></span> <span class='ocrx_word' id='word_1_386' title='bbox 866 4092 907 4152; x_wconf 86' lang='grc'><strong><em>34,</em></strong></span> <span class='ocrx_word' id='word_1_387' title='bbox 926 4091 1027 4145; x_wconf 77' lang='lat'>22-25</span> <span class='ocrx_word' id='word_1_388' title='bbox 1045 4119 1078 4128; x_wconf 98' lang='lat'>-</span> <span class='ocrx_word' id='word_1_389' title='bbox 1099 4089 1136 4144; x_wconf 76' lang='lat'><strong><em>18</em></strong></span> <span class='ocrx_word' id='word_1_390' title='bbox 1154 4087 1200 4142; x_wconf 79' lang='lat' dir='ltr'><strong><em>Ez.</em></strong></span> <span class='ocrx_word' id='word_1_391' title='bbox 1219 4088 1261 4154; x_wconf 82' lang='lat'><strong><em>37,</em></strong></span> <span class='ocrx_word' id='word_1_392' title='bbox 1278 4089 1319 4143; x_wconf 75' lang='grc'><strong><em>23.</em></strong></span> <span class='ocrx_word' id='word_1_393' title='bbox 1337 4089 1372 4143; x_wconf 75' lang='grc'><strong><em>24</em></strong></span> <span class='ocrx_word' id='word_1_394' title='bbox 1393 4118 1427 4129; x_wconf 95' lang='grc'>-</span> <span class='ocrx_word' id='word_1_395' title='bbox 1453 4089 1489 4144; x_wconf 70' lang='lat' dir='ltr'><strong><em>l?</em></strong></span> <span class='ocrx_word' id='word_1_396' title='bbox 1511 4087 1664 4153; x_wconf 66' lang='grc' dir='ltr'><strong>11υὸῌὸ</strong></span> 
     </span>
     <span class='ocr_line' id='line_1_37' title="bbox 356 4187 1019 4258; baseline 0.005 -14"><span class='ocrx_word' id='word_1_397' title='bbox 356 4188 543 4244; x_wconf 69' lang='grc' dir='ltr'><strong><em>-2211ῠιο,</em></strong></span> <span class='ocrx_word' id='word_1_398' title='bbox 563 4192 586 4254; x_wconf 91' lang='lat'><strong><em>1,</em></strong></span> <span class='ocrx_word' id='word_1_399' title='bbox 605 4192 621 4245; x_wconf 82' lang='lat'>3</span> <span class='ocrx_word' id='word_1_400' title='bbox 639 4221 672 4228; x_wconf 96' lang='lat'><em>-</em></span> <span class='ocrx_word' id='word_1_401' title='bbox 689 4190 725 4246; x_wconf 75' lang='lat'><strong><em>27</em></strong></span> <span class='ocrx_word' id='word_1_402' title='bbox 747 4191 816 4244; x_wconf 81' lang='lat' dir='ltr'><strong>Dan.</strong></span> <span class='ocrx_word' id='word_1_403' title='bbox 835 4193 858 4258; x_wconf 84' lang='lat'><strong><em>7,</em></strong></span> <span class='ocrx_word' id='word_1_404' title='bbox 877 4194 918 4248; x_wconf 82' lang='lat'><strong><em>13.</em></strong></span> <span class='ocrx_word' id='word_1_405' title='bbox 937 4194 970 4246; x_wconf 85' lang='grc'><strong>14</strong></span> <span class='ocrx_word' id='word_1_406' title='bbox 988 4187 1019 4247; x_wconf 87' lang='grc' dir='ltr'><strong><em>θ’</em></strong></span> 
     </span>
    </p>
   </div>
   <div class='ocr_carea' id='block_1_5' title="bbox 356 4335 1662 4715">
    <p class='ocr_par' dir='ltr' id='par_1_11' title="bbox 356 4335 1662 4715">
     <span class='ocr_line' id='line_1_38' title="bbox 443 4335 1662 4415; baseline -0.002 -23"><span class='ocrx_word' id='word_1_407' title='bbox 443 4341 456 4393; x_wconf 89' lang='lat' dir='ltr'><strong>l</strong></span> <span class='ocrx_word' id='word_1_408' title='bbox 487 4339 547 4394; x_wconf 81' lang='lat' dir='ltr'>hier</span> <span class='ocrx_word' id='word_1_409' title='bbox 572 4357 597 4394; x_wconf 85' lang='grc' dir='ltr'><strong><em>ε.</em></strong></span> <span class='ocrx_word' id='word_1_410' title='bbox 615 4341 646 4394; x_wconf 84' lang='lat' dir='ltr'><strong><em>R.</em></strong></span> <span class='ocrx_word' id='word_1_411' title='bbox 669 4335 702 4406; x_wconf 89' lang='grc' dir='ltr'><strong><em>ις’</em></strong></span> <span class='ocrx_word' id='word_1_412' title='bbox 730 4342 755 4394; x_wconf 90' lang='lat' dir='ltr'>V</span> <span class='ocrx_word' id='word_1_413' title='bbox 795 4344 799 4409; x_wconf 86' lang='grc' dir='ltr'>Ι</span> <span class='ocrx_word' id='word_1_414' title='bbox 840 4338 1098 4415; x_wconf 87' lang='grc' dir='ltr'><strong><em>ἐπισφραγίοεοθαι</em></strong></span> <span class='ocrx_word' id='word_1_415' title='bbox 1116 4341 1149 4409; x_wconf 86' lang='lat' dir='ltr'><strong><em>V,</em></strong></span> <span class='ocrx_word' id='word_1_416' title='bbox 1176 4356 1244 4394; x_wconf 87' lang='lat' dir='ltr'>corr.</span> <span class='ocrx_word' id='word_1_417' title='bbox 1273 4338 1326 4395; x_wconf 75' lang='lat' dir='ltr'><strong><em>We</em></strong></span> <span class='ocrx_word' id='word_1_418' title='bbox 1357 4342 1362 4409; x_wconf 82' lang='grc' dir='ltr'>Ι</span> <span class='ocrx_word' id='word_1_419' title='bbox 1395 4340 1413 4395; x_wconf 76' lang='grc' dir='ltr'><strong><em>θ</em></strong></span> <span class='ocrx_word' id='word_1_420' title='bbox 1440 4340 1593 4413; x_wconf 87' lang='grc' dir='ltr'><strong><em>βεβαίωσιν</em></strong></span> <span class='ocrx_word' id='word_1_421' title='bbox 1615 4337 1662 4391; x_wconf 85' lang='grc' dir='ltr'><strong><em>καί</em></strong></span> 
     </span>
     <span class='ocr_line' id='line_1_39' title="bbox 356 4436 1661 4519; baseline -0.004 -24"><span class='ocrx_word' id='word_1_422' title='bbox 356 4440 511 4496; x_wconf 64' lang='grc' dir='ltr'><strong><em>πίστωσινὶ)</em></strong></span> <span class='ocrx_word' id='word_1_423' title='bbox 528 4441 575 4495; x_wconf 87' lang='grc' dir='ltr'><strong><em>Μο</em></strong></span> <span class='ocrx_word' id='word_1_424' title='bbox 600 4443 604 4510; x_wconf 95' lang='grc' dir='ltr'>Ι</span> <span class='ocrx_word' id='word_1_425' title='bbox 635 4440 759 4515; x_wconf 80' lang='grc' dir='ltr'><strong><em>μάρτυρι</em></strong></span> <span class='ocrx_word' id='word_1_426' title='bbox 778 4461 805 4496; x_wconf 89' lang='lat' dir='ltr'><strong>m</strong></span> <span class='ocrx_word' id='word_1_427' title='bbox 822 4443 1005 4519; x_wconf 72' lang='grc' dir='ltr'><strong><em>μαρτυρίῳ11</em></strong></span> <span class='ocrx_word' id='word_1_428' title='bbox 1028 4445 1032 4510; x_wconf 96' lang='grc' dir='ltr'>Ι</span> <span class='ocrx_word' id='word_1_429' title='bbox 1056 4443 1075 4498; x_wconf 82' lang='grc' dir='ltr'><strong><em>θ</em></strong></span> <span class='ocrx_word' id='word_1_430' title='bbox 1095 4436 1214 4511; x_wconf 80' lang='grc' dir='ltr'><strong><em>ίεζεκιήλ</em></strong></span> <span class='ocrx_word' id='word_1_431' title='bbox 1232 4441 1271 4494; x_wconf 81' lang='lat' dir='ltr'><strong><em>V²</em></strong></span> <span class='ocrx_word' id='word_1_432' title='bbox 1293 4444 1298 4509; x_wconf 77' lang='grc' dir='ltr'>Ι</span> <span class='ocrx_word' id='word_1_433' title='bbox 1325 4443 1371 4511; x_wconf 65' lang='grc' dir='ltr'><strong><em>θὴλ</em></strong></span> <span class='ocrx_word' id='word_1_434' title='bbox 1388 4444 1436 4496; x_wconf 71' lang='lat' dir='ltr'><strong><em>atr.</em></strong></span> <span class='ocrx_word' id='word_1_435' title='bbox 1454 4440 1498 4495; x_wconf 78' lang='lat' dir='ltr'><strong><em>Ga</em></strong></span> <span class='ocrx_word' id='word_1_436' title='bbox 1530 4442 1534 4508; x_wconf 95' lang='grc' dir='ltr'>Ι</span> <span class='ocrx_word' id='word_1_437' title='bbox 1566 4441 1661 4495; x_wconf 86' lang='grc' dir='ltr'><strong><em>θτιοι·</em></strong></span> 
     </span>
     <span class='ocr_line' id='line_1_40' title="bbox 356 4533 1660 4613; baseline -0.005 -15"><span class='ocrx_word' id='word_1_438' title='bbox 356 4540 437 4613; x_wconf 85' lang='grc' dir='ltr'><strong><em>μένα]</em></strong></span> <span class='ocrx_word' id='word_1_439' title='bbox 457 4549 489 4607; x_wconf 87' lang='grc' dir='ltr'><strong><em>-Ι-</em></strong></span> <span class='ocrx_word' id='word_1_440' title='bbox 507 4537 558 4598; x_wconf 80' lang='grc' dir='ltr'><strong><em>ένα</em></strong></span> <span class='ocrx_word' id='word_1_441' title='bbox 577 4543 669 4613; x_wconf 65' lang='lat' dir='ltr'>Lxx}</span> <span class='ocrx_word' id='word_1_442' title='bbox 695 4543 733 4600; x_wconf 74' lang='lat'><strong><em>15</em></strong></span> <span class='ocrx_word' id='word_1_443' title='bbox 751 4544 822 4600; x_wconf 90' lang='grc' dir='ltr'><strong><em>λαόν</em></strong></span> <span class='ocrx_word' id='word_1_444' title='bbox 842 4545 922 4613; x_wconf 59' lang='lat' dir='ltr'><strong><em>W)</em></strong></span> <span class='ocrx_word' id='word_1_445' title='bbox 941 4546 1014 4599; x_wconf 84' lang='lat' dir='ltr'><strong><em>LXX</em></strong></span> <span class='ocrx_word' id='word_1_446' title='bbox 1031 4539 1106 4600; x_wconf 83' lang='grc' dir='ltr'><strong><em>λεῶν</em></strong></span> <span class='ocrx_word' id='word_1_447' title='bbox 1125 4543 1163 4595; x_wconf 74' lang='lat' dir='ltr'><strong><em>V²</em></strong></span> <span class='ocrx_word' id='word_1_448' title='bbox 1185 4543 1192 4609; x_wconf 83' lang='grc'><strong>1</strong></span> <span class='ocrx_word' id='word_1_449' title='bbox 1220 4542 1257 4597; x_wconf 78' lang='grc'><strong><em>111</em></strong></span> <span class='ocrx_word' id='word_1_450' title='bbox 1274 4542 1390 4611; x_wconf 77' lang='grc' dir='ltr'><strong><em>ποιμὴν]</em></strong></span> <span class='ocrx_word' id='word_1_451' title='bbox 1410 4549 1441 4608; x_wconf 80' lang='grc' dir='ltr'><strong><em>-Ι-</em></strong></span> <span class='ocrx_word' id='word_1_452' title='bbox 1458 4533 1500 4608; x_wconf 82' lang='grc' dir='ltr'><strong><em>εἷς</em></strong></span> <span class='ocrx_word' id='word_1_453' title='bbox 1517 4538 1660 4607; x_wconf 77' lang='lat' dir='ltr'>Lxx180</span> 
     </span>
     <span class='ocr_line' id='line_1_41' title="bbox 357 4639 1627 4715; baseline -0.003 -16"><span class='ocrx_word' id='word_1_454' title='bbox 357 4641 431 4715; x_wconf 77' lang='grc' dir='ltr'><strong><em>αὐτῷ</em></strong></span> <span class='ocrx_word' id='word_1_455' title='bbox 450 4644 486 4697; x_wconf 84' lang='lat' dir='ltr'><strong><em>Kl</em></strong></span> <span class='ocrx_word' id='word_1_456' title='bbox 504 4645 575 4698; x_wconf 79' lang='lat' dir='ltr'>nach</span> <span class='ocrx_word' id='word_1_457' title='bbox 594 4645 666 4698; x_wconf 81' lang='lat' dir='ltr'><strong><em>LXX</em></strong></span> <span class='ocrx_word' id='word_1_458' title='bbox 693 4648 697 4713; x_wconf 86' lang='grc'><strong>1</strong></span> <span class='ocrx_word' id='word_1_459' title='bbox 723 4646 787 4699; x_wconf 73' lang='grc' dir='ltr'><strong><em>καί2</em></strong></span> <span class='ocrx_word' id='word_1_460' title='bbox 801 4644 847 4700; x_wconf 71' lang='lat' dir='ltr'><strong><em>fib.</em></strong></span> <span class='ocrx_word' id='word_1_461' title='bbox 866 4644 891 4699; x_wconf 86' lang='lat' dir='ltr'><strong><em>d.</em></strong></span> <span class='ocrx_word' id='word_1_462' title='bbox 913 4648 939 4701; x_wconf 87' lang='lat' dir='ltr'><strong><em>Z.</em></strong></span> <span class='ocrx_word' id='word_1_463' title='bbox 959 4647 995 4698; x_wconf 76' lang='lat' dir='ltr'><strong><em>V¹</em></strong></span> <span class='ocrx_word' id='word_1_464' title='bbox 1027 4649 1031 4714; x_wconf 89' lang='grc' dir='ltr'>Ι</span> <span class='ocrx_word' id='word_1_465' title='bbox 1064 4645 1103 4701; x_wconf 78' lang='grc'><strong><em>82</em></strong></span> <span class='ocrx_word' id='word_1_466' title='bbox 1123 4639 1240 4706; x_wconf 83' lang='grc' dir='ltr'><strong><em>αἰώνιος</em></strong></span> <span class='ocrx_word' id='word_1_467' title='bbox 1257 4660 1285 4696; x_wconf 87' lang='lat' dir='ltr'><strong>m</strong></span> <span class='ocrx_word' id='word_1_468' title='bbox 1303 4640 1627 4713; x_wconf 73' lang='grc' dir='ltr'><strong><em>αίᾶινος1’(ΙιΧΧῙθΟ)</em></strong></span> 
     </span>
    </p>
   </div>
   <div class='ocr_carea' id='block_1_6' title="bbox 0 0 1842 5506">
    <p class='ocr_par' dir='ltr' id='par_1_12' title="bbox 0 0 1842 5506">
     <span class='ocr_line' id='line_1_42' title="bbox 0 0 1842 5506; baseline 0 1"><span class='ocrx_word' id='word_1_469' title='bbox 0 0 1842 5506; x_wconf 95' lang='lat' dir='ltr'><strong><em> </em></strong></span> 
     </span>
    </p>
   </div>
  </div>
 </body>
</html>
