3698 5510
590 505 625 559 de
641 504 827 562 aeclesiastica
843 508 986 579 theologia
1002 508 1155 564 1123-25.
1393 512 1399 517 ’
1470 510 1528 573 135

283 665 488 757 εύρήσουσιν.
530 671 690 758 ἐμίσησαν
709 668 772 757 γὰρ
794 678 933 758 σοφίαν,
964 672 1028 744 τὸν
1059 677 1095 742 δὲ
1121 667 1226 759 λόγον
1247 677 1365 756 κυρίου
1386 662 1428 740 ού
1447 697 1530 758 προ·

283 775 449 841 είλοντοι.
477 764 610 850 Ἠσαίας
631 796 670 839 τε
687 772 742 839 »ἐκ
755 769 853 841 Σιώυ
872 769 1078 858 ἐξελεύσεται
1094 767 1205 857 νόμος,
1227 775 1283 840 καί
1298 765 1399 857 λόγος
1414 775 1531 857 κυρίου

284 871 320 954 ἐξ
339 864 578 959 Ἱερουσαλήμι.
612 874 667 938 καὶ
698 861 796 952 αὖθις
822 865 975 960 Ἱερεμίας
1006 867 1244 960 »ᾐσχύνθησαν
1274 875 1393 955 σοφοίι
1427 873 1530 958 φησὶν

288 975 362 1039 »καὶ
384 965 606 1059 ἐπτοήθησαν
635 974 691 1040 καὶ
721 965 890 1055 ἑάλωσαν,
922 963 977 1042 ότι
1008 969 1071 1041 τόν
1100 966 1207 1057 λόγον
1238 976 1355 1058 κυρίου
1376 964 1530 1039 ἀπεδοκί-

283 1090 422 1155 μασανι.
451 1076 507 1138 καὶ
523 1063 617 1157 Ὠσηὲ
631 1074 667 1139 δὲ
682 1062 701 1139 δ
716 1066 897 1159 προφήτης
915 1074 1108 1160 ιέμίσησαντ
1134 1071 1198 1158 ἔφη
1223 1074 1278 1141 »ἐν
1300 1067 1421 1151 πύλαις
1441 1072 1530 1155 ἐλέγ-
1546 1086 1563 1138 2

283 1195 406 1256 γοντα,
436 1175 492 1239 καί
523 1165 629 1257 λόγον
658 1160 756 1240 όσιον
785 1167 1037 1256 έβδελύξαντοι.
1076 1177 1221 1258 Μιχαίας
1251 1197 1290 1240 τε
1319 1163 1446 1258 δμοίως
1474 1173 1530 1238 καί

285 1263 391 1350 αῦτός
411 1276 488 1357 περὶ
509 1275 574 1339 τοῦ
595 1264 699 1357 λόγου
724 1267 948 1357 μνημονεύων
981 1273 1037 1340 »ἐκ
1058 1268 1173 1340 Σιώνι
1208 1272 1273 1358 ἔφη
1306 1266 1531 1354 »ἐξελεύσεται

285 1363 399 1456 νόμος,
422 1374 477 1437 καί
499 1364 601 1456 λόγος
621 1375 740 1455 κυρίου
760 1371 796 1454 ἐξ
815 1363 1055 1458 Ἰερουσαλήμι.

221 1472 333 1538 ταῦτα
354 1473 409 1537 καὶ
432 1466 475 1538 τὰ
496 1466 635 1550 τούτοις
656 1462 787 1555 ἀδελφὰ
809 1470 1009 1558 συναγαγὼν
1029 1465 1211 1558 κρατύνειν
1232 1466 1286 1539 διὰ
1309 1463 1444 1539 τούτων
1466 1465 1532 1556 τήν

171 1578 204 1635 10
222 1568 348 1638 ἑαυτοῦ
371 1563 474 1653 δόξαν
496 1563 633 1656 ήγεῖται.
670 1560 734 1656 ὅρα
756 1572 791 1638 δέ
812 1574 888 1651 πῶς
910 1566 1020 1657 φύρας
1034 1567 1096 1651 τὰς
1118 1563 1186 1640 ἀπὸ
1206 1572 1268 1656 τῆς
1282 1574 1379 1649 θείας
1399 1571 1564 1655 γραφῆςθ

220 1674 407 1757 μαρτυρίας
429 1660 514 1756 δμοῦ
535 1664 721 1757 συνήγαγεν
742 1673 798 1738 καί
821 1667 884 1739 τόν
905 1664 1204 1757 ἀποστελλόμενον
1226 1672 1289 1737 τοῦ
1310 1670 1395 1736 θεοῦ
1416 1662 1531 1753 λόγον,

221 1765 287 1838 τόν
309 1762 480 1856 σωτήριον
505 1773 562 1838 καὶ
587 1763 736 1852 ίατικόν,
767 1775 823 1838 καὶ
855 1765 918 1840 τὸν
949 1774 1022 1839 τῶν
1048 1772 1234 1855 πρακτέων
1254 1760 1534 1855 παραγγελτικόν.

222 1864 264 1936 τὸ
286 1863 352 1955 γὰρ
378 1870 553 1955 »ἐμίσησαν
574 1869 612 1937 ἐν
633 1864 756 1950 πύλαις
777 1870 969 1956 ἐλέγχοντα,
991 1876 1047 1939 καὶ
1063 1862 1168 1956 λόγον
1183 1860 1279 1938 ὅσιον
1293 1862 1530 1952 ἐβδελύξαντοι

222 1985 327 2038 ποῖον
358 1961 559 2037 ὑποτίθεται
590 1961 697 2054 λόγον
726 1962 748 2055 ή
777 1963 920 2050 πάντως
949 1995 1018 2038 που
1048 1965 1113 2038 τὸν
1142 1973 1218 2055 περὶ
1248 1974 1323 2037 τῶν
1352 1959 1458 2036 όσίων
1478 1969 1534 2034 καὶ

172 2082 205 2136 16
224 2071 368 2137 δικαίων
388 2063 550 2155 πράξεων
571 2063 854 2155 παραγγελτικόν,
885 2064 1002 2138 πάντα
1032 2093 1069 2137 τε
1090 2072 1223 2155 μᾶλλον
1244 2060 1266 2154 ἢ
1288 2063 1352 2136 τὸν
1372 2061 1450 2135 υἱόν
1471 2068 1535 2133 τοῦ

224 2171 309 2237 θεοῦ
336 2159 515 2254 ὁμολογεῖν
540 2162 711 2250 βούλεται,
742 2161 857 2255 ὥσπερ
888 2165 1086 2254 αἰδούμενος
1112 2171 1339 2255 μνημονεῦσαι
1365 2168 1429 2235 τοῦ
1449 2160 1534 2234 ῦίοῦ.

224 2260 318 2353 ἡμεῖς
340 2264 486 2354 μὲνγὰρ
508 2269 645 2354 οἴδαμεν
666 2263 731 2336 τὸν
752 2264 828 2336 υίὸν
849 2272 912 2337 τοῦ
933 2271 1019 2338 θεοῦ
1038 2265 1255 2354 κυριώτατον
1277 2257 1362 2336 ὄντα
1381 2262 1457 2334 υίόν
1479 2270 1534 2333 καὶ

225 2361 367 2455 ἀληθοῦς
387 2369 557 2452 μονογενῆ
580 2370 643 2436 τοῦ
664 2370 762 2448 θεοῦ,
793 2371 848 2435 καί
878 2361 985 2454 λόγον
1006 2371 1042 2437 δέ
1064 2360 1172 2435 αύτόν
1193 2361 1338 2453 ἀκριβῶς
1359 2368 1453 2453 ίσμεν
1475 2359 1536 2450 ούχ

225 2457 347 2553 όμοιον
369 2470 419 2553 τῷ
441 2468 512 2552 <ἐν>
540 2459 755 2551 ἀνθρώποις,
785 2458 861 2535 ἀλλ’
883 2464 959 2536 οἷον
989 2461 1152 2553 προσήκει
1183 2482 1275 2535 νοεῖν
1304 2469 1389 2534 θεοῦ
1421 2458 1536 2550 λόγον,

172 2575 208 2633 20
225 2569 343 2650 ζῶντα
371 2534 426 2634 καί
456 2558 639 2649 ύφεστοῦτα
668 2569 725 2634 καί
754 2559 837 2634 υίόν.
889 2558 908 2634 δ
939 2568 975 2635 δέ
1006 2559 1111 2652 λόγον
1140 2559 1347 2652 σημαντικόν
1376 2567 1431 2631 καὶ
1463 2566 1537 2630 τῶν

225 2667 423 2790 πρακτέων
433 2659 706 2783 παραγγελτικόν
727 2662 881 2752 είσύγων,
903 2660 1084 2746 εἰκότως
1060 2692 1162 2734 ωκνει
1178 2660 1241 2733 τὸν
1255 2659 1331 2732 υἱόν
1346 2655 1534 2749 ὁμολογεῖν,

226 2755 268 2833 όν
289 2758 384 2852 αύτῷ
407 2762 494 2852 ἔργῳ
515 2765 660 2851 ήρνεῖτο.

309 2867 351 2935 25
380 2860 454 2931 εἶτα
483 2868 539 2933 καί
570 2857 672 2944 αύτός
703 2863 814 2952 ἑαυτῷ
846 2856 1013 2934 τάναντία
1042 2859 1186 2955 γράφων
1208 2856 1270 2934 ούκ
1291 2863 1455 2931 αἲσθεται.
1498 2863 1585 2930 ἐν”
1569 2871 1702 2997 οποςηό]

227 2962 355 3049 ετέροις
375 2966 438 3049 μέν
459 2959 522 3049 γὰρ
548 2967 779 3050 διισχυρίζεται
809 2966 936 3052 μηδένα
962 2967 1026 3033 τοῦ
1054 2967 1228 3050 προτέρου
1259 2966 1343 3032 λαοῦ
1373 2958 1417 3030 τὰ
1445 2987 1534 3031 κατα
1521 2937 1638 3005 αὐτος
1673 2960 1720 2995 ‘²¹³'

175 3078 210 3134 25
227 3055 417 3182 τὸνλόγον
438 3065 635 3148 ἐγνωκέναι,
657 3060 843 3151 μυστήριον
864 3057 1372 3150 γὰρεείναιαποκεκρυμίμένον.
1415 3056 1535 3149 γράφει
1552 3006 1719 3132 mma

227 3164 263 3230 δὲ
286 3150 353 3229 ωδε
374 3155 492 3242 αύταῖς
512 3166 641 3247 λέξεσιν
1570 3140 1702 3215 ἔγραφεν

290 3263 360 3347 (Nr
380 3263 435 3349 45)
463 3267 497 3330 τί
522 3258 587 3349 γὰρ
608 3253 765 3349 ἕτερον
748 3289 791 3351 ην
812 3256 1111 3350 ἀποκεκρυμμένον
1132 3257 1319 3349 μυστήριον
1340 3254 1362 3347 ή
1385 3258 1425 3330 τό
1447 3257 1535 3329 κατὰ

291 3357 355 3430 τὸν
375 3356 496 3448 λόγον;
526 3352 639 3441 οῦτως
665 3368 700 3432 δέ
722 3352 765 3450 ήν
787 3357 1087 3448 ἀποκεκρυμμένον
1108 3365 1216 3448 ἐντῷ
1239 3364 1311 3448 θεῷ
1336 3365 1432 3430 τουτὶ
1454 3352 1536 3445 πρό·

291 3486 393 3548 τερον
414 3457 456 3529 τὸ
477 3456 675 3548 μυστήριον,
707 3457 796 3532 ὥστε
825 3466 951 3549 μηδένα
973 3465 1036 3530 τοῦ
1057 3467 1228 3549 προτέρου
1249 3463 1334 3530 λαοῦ
1355 3463 1471 3544 σαφῶς
1493 3456 1535 3528 τὰ

178 3575 213 3630 30
290 3555 378 3629 κατὰ
401 3557 592 3648 τὸνλόγον
618 3564 754 3644 εἰδέναι,
786 3555 861 3632 ἀλλ’
892 3555 977 3649 ήμῦς
1007 3565 1071 3631 τοῦ
1100 3557 1255 3630 πλούτου
1277 3563 1339 3646 τῆς
1360 3554 1460 3646 δόξης
1481 3563 1535 3627 καὶ

292 3665 355 3730 τοῦ
376 3654 675 3748 ἀποκεκρυμμένου
695 3667 880 3749 μυστηρίου
902 3655 1089 3730 ῦπολαύειν
1110 3666 1194 3730 νυνί.

228 3763 284 3828 καὶ
306 3749 406 3841 αὖθις
428 3762 572 3848 ἐπιλέγει

291 3862 360 3943 (Nr.
381 3867 434 3944 46)
457 3853 476 3929 δ
499 3863 535 3930 δέ
556 3857 643 3944 ίερδς
665 3853 858 3940 ἄπόστολός
880 3886 918 3929 τε
932 3866 987 3928 καὶ
1001 3855 1160 3947 μαθητής
1173 3862 1237 3928 τοῦ
1251 3863 1368 3944 κυρίου
1381 3850 1538 3942 Ἰωάννης

292 3964 411 4044 σαφοῦς
431 3964 488 4029 καί
510 3953 694 4047 διαρρήδην
715 3961 752 4028 ἐν
774 3952 858 4046 ἀρχή
880 3964 943 4029 τοῦ
958 3953 1152 4047 εύαγγελίου
1173 3953 1352 4039 διδάσκων,
1376 3950 1424 4037 σός
1439 3950 1537 4043 ύγνο·

315 4178 333 4233 2
353 4177 407 4232 Jeu.
424 4182 450 4245 2,
468 4178 536 4232 3-
554 4178 574 4233 θ
591 4178 645 4232 Jer.
663 4177 688 4245 8,
707 4179 723 4233 9
740 4207 774 4216 -
792 4178 810 4234 5
828 4182 912 4232 Amos
930 4181 954 4244 5,
972 4179 1006 4234 10
1023 4208 1055 4217 -
1073 4176 1167 4232 Μίοοο
1183 4178 1236 4243 4,2
1254 4205 1287 4214 -
1306 4175 1345 4231 18
1364 4179 1448 4229 Amos
1466 4178 1490 4237 ι’),
1506 4176 1539 4229 10

231 4308 264 4317 -
283 4279 321 4336 1ss
339 4279 394 4349 vgl.
412 4279 458 4334 Nr.
476 4281 508 4333 41
528 4280 592 4335 Ans.
610 4308 644 4317 -
663 4279 701 4337 18
718 4278 774 4349 vgl.
795 4279 841 4333 Nr.
860 4282 902 4335 55.
920 4282 953 4335 5ss
972 4309 1005 4318 —
1032 4279 1071 4334 25
1090 4279 1160 4350 Eph.
1178 4280 1203 4345 3,
1221 4280 1288 4334 9-
1307 4276 1377 4332 m
1392 4274 1461 4347 ssph
1479 4276 1504 4340 3,
1522 4278 1539 4329 θ

316 4474 395 4550 θέκ]
414 4486 447 4546 -Ι-
464 4478 520 4552 γδιρ
538 4480 600 4534 and.
619 4480 657 4535 81
674 4499 700 4535 u.
718 4480 792 4535 Lxx
823 4482 828 4550 Ι
860 4476 1044 4549 ἐξελεύσεται]
1063 4486 1095 4544 -ί-
1114 4474 1166 4549 ἔφη
1185 4477 1248 4533 and.
1266 4477 1304 4531 st.
1334 4478 1339 4545 Ι
1371 4471 1540 4533 4ίάλωσαν

231 4582 295 4637 and„
313 4583 352 4637 st„
369 4578 511 4652 ἐλάλησαν
530 4583 555 4637 V
587 4584 592 4650 1
624 4572 751 4651 monz]
770 4576 914 4650 ἌμὼςΒο
945 4583 951 4647 Ι
983 4575 1036 4651 ἔφη
1054 4590 1087 4640 <
1105 4580 1168 4635 and.
1187 4579 1225 4634 st.
1258 4581 1262 4648 Ι
1296 4578 1335 4635 19
1353 4574 1384 4634 ἐν
1402 4598 1429 4633 m
1461 4580 1466 4647 Ι
1499 4580 1539 4635 20

231 4685 293 4740 καί2
310 4683 364 4738 We
381 4680 465 4750 ὼςἿ
496 4685 501 4751 Ι
534 4683 605 4740 2813
622 4681 638 4737 δ
656 4691 690 4743 <
707 4684 733 4738 S.
750 4685 826 4751 99,8
857 4687 863 4751 Ι
895 4684 933 4740 81
953 4680 1227 4750 ἀποκεκαλομμένου
1243 4680 1283 4736 Re
