3698 5510
587 511 622 568 de
639 512 825 569 ecclesiastiea
840 512 983 584 theologia
999 515 1012 569 I
1029 515 1071 571 20.
1443 522 1483 584 93

104 730 109 745 .
169 680 341 763 έστηκενι.
386 681 494 746 ταῦτα
524 675 587 765 γὰρ
617 684 692 764 περὶ
720 683 780 767 τῆς
803 673 971 767 θεότητος
999 683 1062 748 τοῦ
1091 678 1166 749 υίοῦ
1197 683 1260 749 τοῦ
1289 685 1388 759 θεοῦ,
1419 675 1484 748 κάν
1503 690 1534 743 71

167 775 211 865 μή
237 781 433 865 Μαρκέλλῳ
457 782 552 863 δοκῆ,
584 779 720 866 εἴρηται.
764 773 805 849 οῦ
830 775 893 865 γάρ
919 783 996 866 περὶ
1018 783 1079 867 τῆς
1100 775 1224 864 σαρκὸς
1245 778 1340 848 εἶπεν
1362 775 1406 848 ἂν
1428 806 1484 849 το·

169 881 280 946 σαῦτα
303 870 323 948 ὁ
346 886 440 956 θεῖος
462 870 665 959 ἀπόστολος.
708 876 826 965 μωρὸν
849 877 911 966 γὰρ
940 883 1045 948 τοῦτο
1070 884 1126 947 καί
1153 871 1372 966 ἀδιανόητον,
1398 874 1485 965 πρὸς

168 982 219 1064 τῷ
247 982 309 1045 καὶ
341 971 578 1062 ἀσυνάρτητσν
608 977 694 1047 εἶναι
724 982 785 1065 τῆς
816 974 971 1065 φράσεως
1002 976 1067 1067 τήν
1097 978 1287 1065 ἑρμηνείαν·
1317 983 1392 1059 πῶς
1422 975 1485 1065 γὰρ

136 1082 246 1162 ὓπερὶ
270 1081 335 1165 τῆς
357 1073 480 1163 σαρκὸς
501 1070 626 1165 ἥρμοζε
647 1082 755 1165 λέγειν
780 1069 836 1160 »ῦς
855 1081 949 1148 ἐστιν
963 1076 1096 1160 εἰκώνι,
1119 1081 1198 1149 δίον
1212 1079 1253 1163 (εἰ
1267 1073 1344 1165 ἀρα)
1367 1081 1483 1164 φήσαι·

168 1168 189 1261 ῆ
212 1178 312 1245 ἐστιν
334 1174 444 1245 εἰκών.
834 1248 838 1255 .

253 1272 340 1361 <ιε’.>
370 1281 426 1344 καί
457 1277 494 1344 ἐν
523 1274 628 1365 ἑτέρω
660 1280 696 1347 δὲ
725 1272 829 1347 πόλιν
856 1271 876 1347 δ
903 1272 1006 1357 αῦτὸς
1032 1273 1146 1348 εἰκόνα
1174 1280 1238 1346 τοῦ
1267 1280 1352 1345 θεοῦ
1378 1269 1484 1343 αῦτδν
1503 1286 1536 1341 72

169 1368 356 1462 (ὀνόμαζεν
378 1380 489 1457 λέγων
512 1379 559 1445 »εί
581 1380 692 1445 δὲκαὶ
715 1378 808 1446 ἐστιν
828 1381 1082 1464 κεκαλυμμένον
1103 1372 1144 1444 τὸ
1160 1369 1356 1465 εὐαγγέλιον
1377 1369 1484 1463 ήμῶν,

167 1476 205 1543 ἐν
227 1491 307 1555 τοῖς
330 1471 577 1562 ἀπολλυμένοις
598 1476 691 1545 ἐστίν
712 1481 974 1564 κεκαλυμμένον,
997 1479 1034 1546 ἐν
1057 1472 1108 1556 οίς
1130 1469 1150 1546 δ
1172 1472 1254 1556 θεὸς
1276 1478 1339 1544 τοῦ
1361 1478 1487 1553 αίοῦνος

122 1582 152 1635 10
167 1570 303 1645 τοῦτου
324 1571 524 1660 ἐτύφλωσεν
546 1572 589 1663 τή
612 1571 766 1663 νοήματα
788 1581 863 1645 τῶν
884 1570 1041 1646 ἀπίστων
1056 1572 1142 1663 πρὸς
1162 1571 1203 1646 τὸ
1218 1571 1263 1661 μῆ
1278 1568 1487 1660 καταυγάσαι

168 1676 205 1742 ἐν
229 1692 309 1756 ταῖς
331 1680 483 1761 καρδίαις
504 1669 623 1745 αὐτῶν
646 1672 710 1743 τὸν
732 1672 909 1761 φωτισμόν
937 1679 999 1746 τοῦ
1025 1670 1219 1763 εὐαγγελίου
1240 1677 1304 1743 τοῦ
1326 1677 1486 1761 Χριστοῦ,

168 1765 206 1853 ῦς
229 1776 330 1844 ἐστιν
351 1774 455 1844 είκοδν
475 1778 539 1844 τοῦ
559 1779 673 1844 θεοῦι.
715 1774 801 1844 ἔνθα
831 1780 887 1843 καί
912 1771 1075 1864 προσήκει
1102 1772 1165 1844 τὸν
1192 1778 1277 1844 νοῦν
1298 1775 1484 1861 ἐπιστῆσαι,
1503 1783 1536 1837 73

170 1868 219 1954 ιῦς
252 1867 273 1944 δ
306 1882 403 1956 θείας
432 1868 629 1957 ἀπόστολος
656 1866 774 1961 ὁρικὸν
800 1876 1001 1963 ἐξηνέγκατο
1023 1869 1128 1962 λόγον
1149 1877 1226 1961 περὶ
1248 1877 1312 1943 τοῦ
1334 1876 1486 1959 Χριστοῦ

170 1973 285 2043 εἰπων
308 1968 414 2043 αὐτὸν
436 1968 550 2043 εἰκόνα
572 1978 636 2043 τοῦ
657 1978 754 2056 θεοῦ,
782 1976 837 2044 ίνα
857 1973 903 2062 μή
926 2001 976 2056 τις
999 1971 1059 2044 δῦο
1083 1972 1185 2056 θεοῦς
1206 1967 1373 2057 ῦπολάβοι
1390 1971 1485 2053 εἰναι,

124 2082 154 2134 15
171 2066 246 2142 ἀλλ’
271 2073 333 2143 ἕνα
355 2069 418 2142 τὸν
440 2076 494 2142 ἐπὶ
516 2068 670 2142 πάντων.
714 2071 827 2160 εἰγὰρ
855 2071 920 2153 »είς
942 2069 1038 2155 θεός,
1070 2079 1127 2144 καί
1157 2068 1219 2144 σῦκ
1248 2072 1340 2143 ἐστιν
1371 2072 1485 2159 ἕτερος

170 2169 265 2261 πλήν
288 2167 431 2251 αῦτοῦι,
458 2166 561 2253 αῦτός
589 2166 704 2259 ἀνείη
727 2166 824 2242 ὁκαὶ
847 2170 901 2242 διὰ
924 2178 987 2244 τοῦ
1008 2175 1083 2244 υἱοῦ
1105 2169 1153 2255 οῦς
1176 2168 1222 2243 δι’
1245 2166 1378 2253 εἰκόνος
1399 2198 1485 2259 γνω-

171 2270 360 2360 ριζόμενος.
404 2268 456 2341 διὸ
479 2276 534 2342 καί
557 2264 576 2341 δ
598 2268 670 2354 υίὸς
692 2267 782 2355 θεός,
806 2269 860 2343 διὰ
883 2270 948 2361 τῆν
968 2277 1006 2343 ἐν
1029 2267 1123 2362 αὐτῷ
1145 2277 1210 2342 τοῦ
1231 2269 1363 2360 πατρὸς
1385 2267 1433 2352 τός
1448 2274 1485 2341 ἐν
1504 2287 1537 2341 74

172 2369 281 2443 εἰκόνι
303 2367 492 2461 μόρφωσιν.
528 2363 547 2439 ὃ
570 2368 611 2457 δῆ
629 2377 830 2458 παρίστησιν
852 2366 871 2442 ό
894 2381 987 2454 θεῖος
1010 2366 1213 2454 ἀπόστολος,
1239 2375 1295 2443 60¹
1321 2375 1403 2440 τοτὲ
1424 2375 1486 2458 μέν

171 2475 287 2559 λέγων
321 2463 378 2552 οῦς
399 2473 436 2540 ἐν
457 2475 572 2558 μορφῇ
602 2476 687 2541 θεοῦ
716 2465 911 2560 ῦπάργωνι,
944 2477 1025 2542 τοτὲ
1055 2475 1091 2540 δὲ
1120 2465 1227 2540 αὐτὸν
1259 2465 1392 2540 »εἰκόνα
1424 2474 1487 2540 τοῦ

125 2574 156 2628 20
171 2577 279 2643 θεοῦ(
306 2564 508 2658 ὁριζόμενος.
551 2565 676 2640 ου’κοῦν
696 2568 781 2658 μετὰ
808 2577 882 2642 τῶν
909 2569 1029 2642 ἀλλων
1054 2572 1247 2659 ἐπηγοριῶν
1277 2575 1333 2639 καὶ
1366 2568 1486 2640 »εἰκὼν

174 2675 238 2740 τοῦ
260 2675 364 2740 θεοῦ(
389 2666 455 2756 πρὸ
479 2674 540 2757 τῆς
561 2664 726 2757 ἐνσάρκου
746 2676 931 2757 παρουσίας
953 2664 972 2740 ὁ
994 2668 1065 2752 υίὸς
1087 2660 1130 2757 ῆν
1152 2695 1189 2737 τε
1210 2673 1266 2739 καί
1282 2664 1485 2756 ὠνόμασται.

173 2764 263 2841 ἀλλὰ
287 2774 480 2856 ταῦταμὲν
501 2765 569 2839 ἀπὸ
591 2773 652 2858 τῆς
673 2775 791 2858 καινῆς
813 2766 992 2860 διαθήκης,
1021 2763 1119 2856 ὀλίγα
1146 2763 1214 2839 ἀπὸ
1235 2773 1379 2857 μυρίων,
1405 2762 1486 2855 ἡμῖν

175 2865 283 2956 λόγου
304 2876 504 2957 συμμετρίας
524 2865 623 2957 χάριν
645 2873 816 2956 συνῆκται.

260 2969 309 3050 ις’.
342 2974 398 3038 καί
430 2970 461 3039 οί
483 2964 588 3039 πάλαι
610 2972 646 3038 δὲ
668 2963 844 3057 γενόμενοι
870 2975 933 3039 τοῦ
962 2974 1047 3039 θεοῦ
1076 2972 1253 3056 προφῆται
1283 2964 1348 3037 τὸν
1379 2961 1487 3037 αῦτὸν
1505 2988 1538 3041 75

127 3074 158 3130 25
175 3064 354 3157 διαφόροις
383 3071 513 3155 ἐτίμων
541 3073 743 3155 θεολογίαις.
795 3064 814 3139 ὁ
844 3075 906 3158 μὲν
936 3067 998 3157 γὰρ
1028 3063 1189 3140 ἀπεκάλει
1220 3061 1326 3137 αὐτὸν
1356 3073 1488 3154 πνεῦμα

176 3174 240 3239 τοῦ
261 3174 348 3239 θεοῦ
370 3173 482 3255 λέγων
507 3164 731 3252 »ἐξελεύσεται
752 3167 874 3256 ραβδός
889 3171 927 3239 ἐκ
941 3172 1002 3257 τῆς
1017 3168 1110 3256 ῥίζης
1125 3163 1237 3237 Ἰεσσαί
1261 3172 1285 3253 ξ,
1306 3173 1363 3236 καί
1378 3163 1487 3247 ἀνθσς
1504 3178 1544 3234 97

175 3272 213 3338 ἐκ
236 3275 299 3359 τῆς
321 3269 414 3358 ῥίζης
435 3262 647 3354 ἀναβήσεται,
669 3273 725 3337 καί
747 3265 1022 3340 ἐπαναπαῦσεται
1043 3260 1097 3337 ἐπ’
1128 3261 1236 3336 αῦτὸν
1265 3271 1397 3352 πνεῦμα
1424 3269 1487 3334 τοῦ

175 3375 276 3451 θεοῦ,
307 3374 437 3456 πνεῦμα
469 3372 588 3451 σοφίας
618 3373 674 3437 καί
704 3371 886 3449 συνέσεως(
919 3373 975 3437 καί
1002 3365 1046 3437 τὰ
1072 3367 1154 3455 ἑξῆς.
1197 3371 1315 3452 σαφοῦς
1337 3363 1400 3453 γὰρ
1422 3362 1486 3435 τὸν

179 3469 234 3536 »ἐκ
256 3471 446 3554 σπέρματος
469 3469 572 3536 Δαυίδ
592 3465 681 3537 κατὰ
703 3462 826 3555 σάρκαι
854 3473 909 3537 καί
932 3464 995 3536 τὸν
1025 3461 1249 3554 ἐνοικήσαντα
1276 3458 1370 3552 αῦτῷ
1401 3460 1487 3533 θεὸν

129 3572 161 3627 30
176 3561 281 3655 λόγον
303 3566 358 3637 διὰ
379 3563 518 3636 τούτων
539 3562 669 3654 ἐδήλου.
706 3567 808 3636 ἔνθεν
823 3559 841 3635 ὁ
857 3575 952 3647 θεῖος
973 3560 1167 3648 ἀπόστολος
1181 3569 1268 3635 ποτε
1289 3568 1350 3650 μὲν
1372 3564 1487 3651 ἔλεγεν

179 3658 216 3735 »ὁ
240 3670 277 3736 δὲ
298 3663 413 3754 κῦριος
435 3661 475 3735 τὸ
497 3660 630 3752 πνεῦμά
651 3668 778 3748 ἐστινι,
808 3669 895 3735 ποτέ
917 3668 952 3733 δὲ
977 3662 1143 3751 »Χριστὸς
1164 3669 1250 3735 θεοῦ
1271 3660 1410 3752 δῦναμις
1431 3668 1488 3730 καί

177 3771 262 3834 θεοῦ
284 3773 417 3851 σοφίαι.
458 3770 513 3834 καὶ
538 3764 651 3850 ίτερσς
673 3768 708 3833 δὲ
731 3758 855 3851 ὁμοίως
885 3769 1016 3852 πνεῦμα
1046 3759 1154 3834 αὐτὸν
1184 3760 1350 3834 ἀποκαλεῖ
1376 3766 1488 3847 λέγων

181 3869 331 3951 »πνεῦμα
348 3860 437 3952 [πρὸ]
453 3862 643 3949 προσώπου
658 3858 756 3951 ἡμων
772 3861 919 3948 Χριστὸς
933 3861 1077 3950 κῦριοςι.
1113 3870 1168 3933 καί
1182 3866 1220 3933 ἐν
1236 3868 1287 3952 τῷ
1304 3858 1485 3950 εὐαγγελίῳ
1575 3939 1576 3942 ¹

179 3966 214 4031 δὲ
229 3971 307 4049 περί
327 3958 434 4033 αῦτοῦ
454 3968 572 4048 σαφῶς
588 3964 716 4050 είρηται
734 3962 827 4033 »ἰδοῦ
842 3959 861 4034 ὁ
876 3983 955 4046 παις
970 3990 1035 4052 μου
1050 3955 1091 4033 ὃν
1105 3959 1252 4051 ήρίτισα,
1276 3955 1294 4031 ὁ
1311 3956 1486 4049 ἀγαπητός

266 4185 281 4240 1
301 4183 358 4253 vgl.
376 4182 423 4236 Nr.
442 4186 465 4237 5.
484 4184 500 4235 δ
518 4209 551 4220 -
570 4180 588 4235 ῦ
606 4180 669 4239 Kol.
689 4186 711 4246 1,
731 4186 763 4238 15
787 4214 819 4223 —
847 4184 865 4239 8
883 4184 908 4236 ΙΙ
927 4183 991 4237 Kor.
1009 4186 1034 4245 4,
1052 4186 1077 4239 3.
1094 4186 1119 4237 4.
1137 4184 1153 4238 6
1170 4212 1204 4221 -
1228 4180 1289 4237 151
1302 4179 1383 4234 Dent.
1401 4182 1426 4245 4,
1443 4180 1484 4234 35.

180 4284 220 4351 32,
238 4284 313 4353 39(‘.>)
331 4314 365 4324 -
384 4282 423 4339 19
440 4283 512 4337 Phil.
530 4282 555 4347 2,
572 4283 589 4337 6
607 4311 640 4322 -
661 4284 729 4339 1911
743 4285 805 4341 Kol.
824 4287 847 4345 1.
867 4288 899 4340 15
916 4315 949 4324 —
967 4284 1007 4340 26
1024 4284 1078 4339 ίοε.
1097 4287 1171 4351 11,1.
1190 4284 1207 4337 2
1224 4312 1258 4322 -
1276 4281 1316 4337 29
1335 4281 1412 4335 Rom.
1431 4280 1484 4347 1,3

180 4412 210 4424 -
230 4385 267 4442 ⁸1
288 4386 312 4438 Il
332 4383 397 4441 Kor.
416 4388 439 4453 3,
458 4388 490 4439 17
507 4415 541 4425 -
559 4382 571 4435 1
590 4385 655 4440 Kor.
674 4389 698 4448 1,
716 4386 749 4439 24
766 4414 800 4425 -
819 4385 858 4440 32
877 4386 986 4455 Klagol.
1003 4388 1028 4453 4,
1046 4387 1080 4440 20
1097 4414 1130 4423 -
1147 4384 1187 4441 34
1204 4382 1305 4437 Matth.
1323 4383 1365 4448 12,
1384 4383 1417 4437 18

265 4587 341 4660 ἐτη
358 4604 378 4657 g
394 4585 471 4641 τδ1ἰ
504 4587 508 4652 Ι
540 4581 682 4658 ἁρμονίαν
699 4585 745 4638 Mo
763 4586 819 4655 vgl.
839 4582 945 4660 ήρμοζε
963 4586 1024 4640 Ζ.5
1056 4588 1060 4655 Ι
1096 4577 1164 4642 7ιε’
1181 4604 1209 4639 m
1240 4586 1246 4653 Ι
1278 4584 1317 4640 25
1335 4579 1439 4652 ἐτίμων
1456 4601 1483 4637 m

182 4688 360 4756 οετιμῶνί
391 4689 396 4755 Ι
429 4688 638 4758 θθπρδ<ω
