3728 5508
610 483 708 535 οοαδτε
724 479 885 536 Marcellum
902 480 918 534 I
934 483 959 534 4.
978 480 1004 533 11
1023 483 1046 534 1.
1440 487 1477 549 31

166 647 332 730 ἐπιστολῇ
353 641 418 732 τὴν
438 639 631 729 παράθεσιν
651 652 849 733 πεποίηται,
872 635 961 713 δι’
941 673 981 732 ης
1003 639 1106 726 αῦτός
1129 636 1263 714 εἶπεν
1244 671 1263 713 ο
1286 638 1480 724 ἀπόστολος

168 742 231 825 »είς
258 741 324 830 γὰρ
354 737 373 813 6
401 739 495 827 θεός,
526 742 573 825 είς
602 749 658 814 καὶ
688 750 821 832 μεσίτης
851 748 935 814 θεοῦ
964 750 1020 813 καὶ
1050 738 1267 831 ἀνθρώπων,
1290 742 1480 830 ἄνθρωπος

165 841 314 931 Χριστός
334 836 486 930 Ἰησοῦςο
528 840 661 929 ταύτην
689 847 751 928 μὲν
781 834 843 912 οῦν
874 841 940 930 τὴν
970 838 1203 930 ἀποστολικὴν
1233 849 1324 929 λέξιν
1354 839 1478 913 εόσανεὶ
1495 854 1529 910 65

164 939 329 1026 Εῦσεβίου
352 932 470 1024 οὖσαν,
501 946 716 1030 διαβέβληκεν
745 940 790 1030 μὴ
817 950 939 1023 συνιείς
962 936 981 1011 6
1004 941 1211 1028 σοφιότατος
1233 936 1288 1014 ότι
1310 940 1373 1012 τόν
1393 938 1478 1015 ἀπό-

117 1056 132 1107 5
163 1052 294 1113 στολον
326 1045 512 1125 διέβαλλεν·
542 1039 605 1123 τὰς
635 1035 667 1110 δ’
695 1036 803 1113 αὐτοῦ
830 1039 950 1126 φωνάς
975 1039 1038 1122 τὰς
1059 1044 1097 1110 έν
1118 1048 1162 1129 τῇ
1183 1037 1270 1129 αὐτῇ
1292 1045 1479 1130 φερομένας

162 1146 343 1228 ἐπιστολῇ,
374 1136 435 1223 τάς
466 1167 504 1210 τε
533 1143 571 1211 έν
592 1158 666 1222 τοῖς
692 1150 826 1221 λοιποῖς
852 1135 959 1211 αῦτοῦ
985 1137 1233 1261 συγγράμμασιν
1256 1159 1328 1223 τοῖς
1351 1139 1480 1223 εἰςτὰς

161 1248 257 1323 θείας
289 1237 423 1329 γραφάς
452 1245 716 1329 πεπονημένοις,
753 1235 774 1308 ἀ
805 1238 846 1329 δη
876 1238 964 1311 κατά
991 1237 1109 1360 πάντα
1138 1237 1249 1312 τόπον
1279 1244 1479 1321 διαδίδοται,

161 1348 273 1430 σιωπῇ
298 1344 550 1427 παραδέδωκεν,
568 1338 699 1427 κρόψας
720 1346 763 1427 τῇ
787 1345 791 1424 Ι
815 1345 928 1427 σιωπῇ
950 1335 972 1408 ἀ
993 1338 1037 1428 μὴ
1060 1331 1136 1429 <ῇν>
1158 1359 1393 1426 συκοφαντεῖν.
1437 1338 1478 1410 τό
1496 1359 1599 1428 66180

162 1468 285 1528 ομοιον
308 1433 384 1509 δ
365 1464 408 1507 αν
430 1431 522 1525 εῦροι
543 1468 597 1521 τις
619 1435 727 1509 αὐτὸν
752 1438 967 1527 πεποιηκότα
997 1445 1053 1509 καὶ
1083 1443 1139 1511 ἐπὶ
1169 1447 1243 1510 τῶν
1270 1448 1405 1512 λοιπῶν
1428 1431 1478 1509 ἀν

114 1553 145 1606 10
161 1546 385 1627 διαβέβληκεν
414 1536 630 1626 γραμμάτων
673 1534 694 1606 ά
723 1535 777 1625 δή,
805 1534 910 1626 λόγου
940 1545 1142 1628 συμμετρίας
1169 1535 1375 1628 φειδόμενοι,
1404 1557 1478 1621 τοῖς

159 1643 344 1711 ἐθέλουσιν
374 1634 439 1725 τὴν
469 1636 608 1710 τούτων
634 1632 753 1727 ἀκριβῆ
778 1647 952 1708 ποιεῖσθαι
973 1634 1157 1726 διάγνωσιν
1177 1635 1477 1727 παραχωρήσομεν,

160 1737 370 1819 σπεύδοντες
400 1732 497 1809 αὐτοὶ
528 1736 595 1827 τὴν
624 1733 731 1808 αὐτοῦ
761 1742 963 1825 Μαρκέλλου
991 1744 1069 1826 περὶ
1101 1742 1165 1808 τοῦ
1194 1740 1270 1810 υἱοῦ
1300 1746 1363 1810 τοῦ
1392 1745 1478 1809 θεοῦ

160 1845 384 1925 ξενοφωνίαν
414 1833 477 1925 ἤδη
504 1836 628 1908 λοιπόν
657 1832 891 1920 ἀποκαλύψαι,
923 1833 972 1918 αἱς
1002 1837 1045 1907 ἂν
1072 1835 1222 1926 φανερὸν
1248 1843 1382 1928 γένοιτο
1405 1858 1477 1921 τοῖς

160 1944 265 2009 πᾶσιν
291 1930 389 2019 ὅπως
411 1932 515 2018 αὐτὸς
537 1933 674 2025 ἐφρόνει
694 1943 772 2023 περὶ
794 1942 857 2008 τοῦ
878 1939 954 2007 υἱοῦ
975 1941 1039 2009 τοῦ
1061 1943 1153 2009 θεοῦ.

114 2225 143 2279 ιο
798 2198 847 2269 ff.

285 2352 312 2412 α’
331 2351 410 2423 ίίιιως
433 2354 604 2427 Μάρκελλος
625 2356 696 2425 μήτε
722 2349 797 2412 εἶναι
821 2357 892 2424 μήτε
919 2354 1116 2429 προῦπάρχειν
1142 2357 1192 2415 τόν
1218 2355 1281 2414 υἱόν
1306 2365 1359 2414 τοῦ

329 2445 402 2497 θεοῦ
419 2439 478 2511 πρό
495 2446 544 2507 τῆς
561 2436 594 2495 έκ
610 2436 757 2511 παρθένου
774 2443 932 2510 γεννήσεως
950 2437 1089 2511 ἐδόξαζεν.

260 2592 263 2599 ⁴
284 2520 311 2599 β
330 2520 408 2590 διιως
425 2523 597 2594 Μάρκελλος
613 2521 729 2596 ἐφρόνει
746 2526 813 2595 περὶ
831 2533 882 2580 τοῦ
899 2523 930 2581 έν
948 2531 987 2598 τῷ
1007 2530 1067 2598 θεῷ
1085 2526 1182 2598 λόγον.

286 2604 311 2679 γ’
330 2605 409 2674 ίίπως
426 2605 543 2679 ἐφρόνει
554 2606 723 2678 Μάρκελλος
740 2610 872 2679 περὶτῆς
890 2607 995 2681 σαρκός
1012 2607 1045 2681 ἧς
1062 2608 1213 2680 ἀνείληφεν
1230 2607 1247 2665 δ
1264 2609 1358 2680 λόγος.

285 2685 310 2748 ό
328 2691 430 2749 διτοῖον
447 2692 617 2764 Μάρκελλος
634 2690 735 2763 έκάγει
752 2691 833 2759 τέλος
850 2700 884 2763 τῇ
902 2702 952 2749 τοῦ
969 2695 1095 2765 Χριστοῦ
1112 2695 1240 2770 βασιλείᾳ
1258 2697 1307 2751 καί
1324 2702 1359 2766 τῇ

329 2779 414 2848 σαρκί
431 2767 449 2847 ᾗ
466 2774 625 2847 ἀνείληφεν

244 2932 268 3000 1
295 2924 362 3015 Τὴν
383 2931 446 2997 τοῦ
468 2922 630 2999 Γαλάτου
655 2935 771 2998 πίστιν
797 2921 819 3014 ἢ
844 2931 899 2996 καὶ
921 2931 1055 3015 μᾶλλον
1076 2924 1142 3014 τὴν
1162 2921 1323 2999 ἀπιστίαν
1346 2960 1366 3000 τ
1368 2928 1543 3019 ὴνείς(
1532 2927 1625 3019 (ἕξεως

160 3026 225 3099 τόν
257 3025 336 3097 υίόν
365 3031 430 3096 τοῦ
459 3030 558 3110 θεοῦ,
589 3023 705 3112 καιρὸς
735 3022 799 3148 ἤδη
829 3035 927 3096 καλεῖ
954 3024 1038 3114 μετὰ
1068 3026 1133 3115 τὴν
1162 3028 1299 3098 ἔκθεσιν
1324 3035 1399 3099 τῶν
1419 3026 1467 3099 ῦιι
1469 2998 1564 3133 'affl
1566 3003 1646 3137 ρμῇτλὲ

160 3123 274 3199 αῦτοῦ
305 3130 562 3214 διαβληθέντων
593 3130 639 3207 είς
670 3131 745 3212 φῶς
775 3122 924 3214 ἀγαγεῖν,
954 3130 1009 3195 καί
1040 3131 1045 3212 Ι
1078 3126 1145 3214 τὴν
1173 3124 1309 3213 χρόνοις
1338 3147 1477 3217 μακροῖς
1495 3153 1534 3207 132
1587 3146 1660 3208 εἶναι

113 3222 440 3315 ἳσένόομοχῇσασαν
470 3229 520 3312 τῷ
548 3218 644 3313 ἀνδρὶ
677 3230 882 3311 κακοδοξίαν
911 3224 1015 3313 βραχὺ
1045 3223 1292 3313 περιελθόντας
1323 3233 1386 3298 τοῦ
1416 3232 1477 3314 τῆς
1494 3238 1662 3321 μητειιροϋ·

161 3329 348 3412 ἐπιστολῆς
355 3321 609 3443 '600616162109
630 3319 886 3412 ἀπογυμνοῦσαι,
918 3330 1021 3411 δεῖξαί
1051 3351 1089 3394 τε
1116 3343 1188 3405 τοῖς
1212 3330 1316 3395 πᾶσιν
1339 3324 1392 3397 διὰ
1416 3333 1477 3415 τῆς
1510 3322 1645 3426 ᾗξρξξὲζ

163 3432 240 3495 τῶν
263 3419 371 3495 αὐτοῦ
392 3430 525 3509 φωνῶν
549 3430 733 3512 μαρτυρίας
763 3419 836 3506 οίός
866 3453 917 3505 τις
947 3415 1001 3492 ἀιν
1031 3428 1093 3511 τῇς
1114 3428 1267 3510 Χριστοῦ
1291 3436 1476 3513 καθηγεῑτο
1511 3446 1562 3493 τοῦ
1578 3442 1652 3495 θεοῦ

161 3528 225 3597 40¹
247 3528 424 3612 ἐκκλησίας
446 3521 648 3610 ἄνθρωπος,
679 3520 762 3611 μήτε
787 3525 872 3594 εἷναι
899 3520 984 3612 μήτε
1005 3520 1261 3610 προϋφεστάναι
1281 3521 1366 3613 μήτε
1388 3518 1478 3602 όλως
1494 3500 1603 3575 '‘0⁰''
1569 3504 1664 3572 '⁷⁶3²‘

162 3651 313 3696 πωποτε
333 3621 409 3694 υίόν
429 3618 576 3710 δπάρξαι
598 3651 649 3711 τῳ
671 3632 744 3712 θεῳ
770 3650 837 3708 προ
864 3651 928 3693 του
949 3629 1113 3711 τεχθῆναι
1140 3623 1195 3694 διά
1218 3629 1280 3714 τῇς
1300 3631 1479 3715 παρθένου
1495 3527 1654 3723 γ’έόίηθαέόί

114 3740 146 3792 30
163 3720 331 3811 δοξάζων,
354 3718 439 3793 αῦτό
461 3728 497 3793 δὲ
518 3749 627 3810 μονον
641 3723 726 3793 είναι
741 3720 847 3808 λογον
861 3748 1013 3808 φασκων
1036 3728 1187 3846 συμφυᾶ
1188 3728 1239 3811 τῷ
1256 3731 1338 3814 θεῷ,
1361 3721 1478 3806 ἀιδίως
1495 3705 1644 3777 ww>

163 3820 263 3911 αὐτῷ
284 3818 435 3892 συνόντα
455 3827 511 3892 καί
533 3816 723 3910 ηνωμένον,
756 3819 870 3904 ow
852 3849 893 3891 αν
916 3826 965 3911 εἴη
987 3818 1084 3891 καὶ“
1066 3851 1085 3893 ο
1107 3828 1144 3893 έν
1167 3819 1344 3914 ἀνθρώπῳ
1367 3822 1477 3913 λόγος.

164 3922 283 4012 τούτῳ
306 3921 368 4010 γάρ
394 3918 498 4003 αάτός
516 3926 638 4010 χρῆται
659 3928 710 4012 τῷ
733 3928 986 4010 παραδείγματι,
1009 3915 1115 4009 λόγον
1137 3922 1222 3994 είναι
1245 3921 1355 4014 φήσας
1377 3926 1477 3996 ἔνδον
1510 3946 1527 4002 2

164 4026 203 4093 έν
226 4018 322 4111 αὐτῷ
345 4027 396 4110 τῷ
419 4027 506 4109 θεῷ,
537 4026 623 4091 ποτε
644 4027 706 4108 μέν
727 4018 954 4110 ἡσυχάζοντα,
981 4027 1068 4091 ποτὲ
1090 4027 1124 4091 δὲ
1151 4031 1366 4112 σημαντικῶς
1387 4028 1477 4110 ένερ·

254 4194 273 4249 2
297 4190 395 4247 l'h‘m.
413 4193 473 4260 2,ῦ
498 4221 532 4231 -
560 4191 627 4248 2811
650 4192 706 4262 vgl.
724 4192 770 4246 Nr.
788 4194 898 4248 42-44.
917 4194 1019 4247 54-56
1036 4209 1063 4247 u.
1082 4193 1158 4258 343,
1177 4193 1238 4249 13ff
1260 4212 1287 4248 u.
1304 4200 1329 4249 δ.
1352 4224 1385 4234 -
1408 4197 1480 4252 m

168 4295 224 4366 νηί.
242 4295 339 4352 m.
358 4294 400 4350 56.
415 4294 452 4350 92
468 4293 663 4359 u.S.4,15ff
685 4297 709 4361 5,
727 4294 790 4348 3⁴2ff
811 4295 933 4358 43,14ff

255 4446 274 4502 8
292 4432 326 4514 ἦν
344 4444 391 4498 Mo
414 4446 419 4512 Ι
444 4446 483 4500 10
502 4446 659 4516 συμμετρία
668 4444 701 4509 V,
719 4445 834 4500 oorr.Kl
847 4446 919 4498 nach
938 4444 962 4499 d.
982 4445 1047 4499 ecel.
1060 4445 1100 4500 th.
1114 4446 1160 4511 111,
1180 4447 1233 4507 7,2
1256 4446 1261 4513 1
1287 4446 1322 4502 11
1343 4464 1475 4516 παραχω-

168 4547 337 4618 ρδσωμενί
359 4549 365 4618 Ι
389 4547 426 4603 12
437 4541 524 4604 αι’τοῦ
534 4546 586 4601 We
595 4539 716 4615 a6tv>vV
732 4548 737 4614 1
758 4547 796 4601 14
807 4545 915 4600 danmh
927 4553 986 4601 τῶν
998 4546 1071 4619 πρὸς
1079 4544 1250 4618 Μάρκελλον
1267 4543 1392 4618 έλίγχων
1406 4548 1475 4615 w,

172 4650 211 4706 15
223 4646 255 4703 ff
269 4649 361 4705 ίιίοίοτ
373 4649 421 4704 δατ
430 4647 681 4719 eapitelangabev
696 4650 701 4716 1
717 4648 821 4703 2211ss
839 4643 917 4713 ὅπως
927 4678 960 4688 -
970 4644 1129 4719 έδόξαζενς
1143 4652 1148 4716 Ι
1164 4649 1204 4704 θθ
1213 4646 1301 4705 αίαόν
1309 4649 1342 4718 V,
1352 4649 1478 4705 τοιαίδε
