3728 5508
348 470 388 533 48
931 466 1065 524 Eusebius

411 632 539 715 φησιν>.
581 633 686 699 τοῦτο
709 633 745 699 δέ
768 624 846 720 ήμίν
868 630 910 702 τό
941 629 1128 723 μυστήριον
1157 637 1360 719 παρίστησιν
1390 625 1411 720 ή
1442 635 1504 720 τῆς
1525 623 1662 715 Ἔξόδου

409 725 522 816 γραφή
537 728 618 809 τοῦς
633 735 708 800 τῶν
724 726 933 805 ἀποστόλων
946 731 1077 814 τόπους
1091 727 1198 804 πάλαι
1219 727 1505 820 προαγορεῦσυσα,
1527 728 1662 801 δώδεκα

410 824 473 914 γάρ
495 819 613 899 ὄντων
635 826 700 900 τὸν
721 825 869 921 ἀριθμὸν
889 839 965 905 τῶν
979 827 1188 904 ἀποστόλων
1202 828 1333 902 δώδεκα
1350 835 1474 919 πηγῶν
1486 835 1662 918 μέμνηται.

347 946 403 1011 καὶ
425 934 525 1026 αὖθις
547 941 662 1032 ἐπάγει
684 943 725 1016 τό
747 942 832 1019 αῦτό
856 942 999 1038 γράφων
1021 941 1133 1028 οῦτως
1680 946 1715 1002 2⁰

313 1061 329 1114 5
409 1045 479 1128 (Nr.
500 1052 553 1129 20)
585 1041 727 1128 εἰκότως
754 1038 816 1118 οῦν
841 1053 918 1135 περί
946 1053 1007 1138 τῆς
1027 1046 1116 1118 κατὰ
1138 1042 1243 1133 σάρκα
1265 1051 1427 1133 γενέσεως
1449 1038 1469 1116 ό
1492 1039 1661 1132 δεσπότης

409 1141 464 1213 διὰ
487 1149 550 1214 τοῦ
571 1142 755 1235 προφήτου
776 1153 988 1234 Σολομῶνος
1010 1153 1172 1235 λέγοντος
1197 1144 1282 1231 »πρὸ
1305 1151 1369 1216 τοῦ
1389 1153 1575 1230 προελθεῖν
1596 1141 1660 1226 τὰς

408 1239 519 1330 πηγάς
540 1250 614 1315 τῶν
635 1242 789 1316 ῦδάτωνι
816 1248 888 1336 ἐφη.

345 1356 462 1428 ἔπειτα
484 1359 560 1447 ἑξῆς
582 1358 679 1448 ἐτερά
702 1390 779 1433 τινα
801 1363 952 1435 διελθών
973 1365 1124 1448 ἐπιφέρει
1677 1366 1712 1420 21

408 1459 453 1542 (N
456 1485 477 1526 r.
492 1466 545 1543 22)
568 1455 694 1531 οῦκοῦν
714 1459 893 1550 ἐπειδήπερ
915 1467 992 1549 περί
1015 1467 1088 1532 τῶν
1109 1455 1339 1549 προαγόντων
1361 1454 1553 1548 εἰρήκαμεν,
1581 1452 1661 1528 ἀκό-

295 1572 328 1627 10
408 1554 540 1630 λουθόν
562 1562 655 1632 ἐστιν
677 1566 732 1630 καί
755 1560 796 1633 τὸ
819 1572 938 1632 λεῖπον
960 1558 1211 1649 ἀναπληρῶσαι.
1255 1568 1362 1631 λείπει
1384 1563 1420 1630 δὲ
1442 1555 1484 1629 τὸ
1505 1556 1661 1629 κατὰτὰ

408 1649 471 1746 ὄρη
493 1664 549 1728 καὶ
571 1658 652 1742 τούς
673 1659 825 1744 βουνούς.
871 1660 975 1748 »πρὸι
1008 1658 1072 1749 γὰρ
1106 1666 1188 1731 »τοῦ
1210 1651 1272 1749 ὄρη
1295 1660 1520 1747 ἓδρασθῆναιι
1555 1662 1660 1745 φησίν

410 1754 495 1844 »πρὸ
522 1762 557 1827 δέ
584 1756 729 1829 πάντων
755 1766 827 1830 τῶν
853 1765 988 1845 βουνῶν
1015 1765 1115 1853 γεννᾷ
1136 1765 1205 1847 μέι.
1249 1752 1310 1847 ὄρη
1332 1762 1389 1828 καί
1409 1755 1555 1842 βουνοῦς
1576 1754 1661 1837 τοῦς

407 1850 623 1941 ἀποστόλους
648 1865 704 1929 καί
730 1859 810 1942 τοῦς
836 1866 910 1930 τῶν
931 1854 1139 1932 ἀποστόλων
1166 1854 1343 1947 διαδόχους
1365 1862 1463 1946 λέγει,
1486 1858 1543 1927 ίνα
1564 1854 1660 1941 παρὰ

407 1954 488 2037 τοῦς
511 1954 636 2039 ἄλλους
659 1954 867 2044 ἀνθρώπους
882 1957 947 2047 τήν
961 1956 1036 2030 κατ’
1051 1954 1169 2030 αὐτῶν
1184 1963 1318 2029 δικαίαν
1334 1962 1516 2028 πολιτείαν
1536 1981 1658 2043 παροι-

293 2074 326 2127 15
405 2060 543 2142 μιωδῶς
565 2053 704 2146 σημήνῃ.

344 2168 506 2253 τοιαύτας
529 2170 624 2254 τινὰς
646 2173 820 2263 ἑρμηνείας
841 2177 1022 2263 ἐκθέμενος
1045 2165 1144 2256 αὖθις
1158 2177 1213 2246 ἐπὶ
1229 2172 1291 2256 τὰς
1305 2169 1540 2254 ἀποστολικάς
1557 2197 1658 2259 μετα·
1675 2185 1712 2241 22

343 2274 449 2350 βαίνει
471 2266 599 2357 φωνάς,
626 2269 792 2344 τάναντία
814 2280 865 2362 τῷ
889 2270 1072 2364 ἀποστόλφ
1096 2268 1336 2363 φθεγγόμενος.
1380 2265 1399 2342 ό
1421 2268 1567 2362 μὲνγὰρ
1591 2269 1657 2342 τὸν

342 2364 499 2457 προόντα
514 2369 589 2442 υίὸν
604 2378 667 2443 τοῦ
682 2378 766 2444 θεοῦ
779 2380 836 2444 καί
861 2370 1108 2459 »πρωτότοκον
1129 2369 1237 2462 πάσης
1258 2379 1419 2454 κτίσεως(
1445 2367 1554 2442 αῦτόν
1569 2369 1657 2442 εἰναι

343 2473 526 2555 ἐδίδασκεν,
560 2470 621 2542 »τά
642 2468 758 2544 πάντα
779 2468 821 2542 δι’
845 2467 964 2555 αῦτοῦ,
995 2481 1051 2544 καί
1073 2476 1110 2544 ἐν
1132 2466 1246 2562 αάτῷι
1276 2474 1445 2553 ἐκτίσθαι,
1477 2464 1586 2541 αὐτόν
1617 2497 1657 2540 τε

292 2585 325 2640 20
343 2565 428 2639 εἰναι
452 2567 537 2659 »πρὸ
559 2566 721 2642 πάντων(
746 2568 873 2661 μεγάλη
895 2579 958 2660 βοή
980 2566 1243 2661 μαρτυρόμενος·
1281 2565 1300 2642 ό
1323 2575 1359 2641 δέ
1380 2573 1436 2640 ἐπί
1459 2568 1524 2659 τὴν
1546 2566 1657 2658 σάρκα

341 2674 397 2737 καί
420 2667 549 2758 ταύτην
571 2665 775 2753 καταβάλλει
797 2670 861 2760 τήν
889 2679 1086 2760 θεολογίαν,
1114 2667 1237 2759 μικρὸν
1266 2663 1410 2758 ῦστερον
1439 2675 1496 2739 καί
1523 2665 1658 2755 ταύτην

343 2762 557 2857 ἀρνούμενος.
601 2776 689 2858 λέγει
712 2774 747 2840 δέ
770 2763 881 2854 οῦτως
1674 2802 1709 2857 23

405 2871 451 2952 (Ν
453 2895 474 2938 r.
491 2878 528 2939 81
544 2903 588 2926 =
602 2877 654 2953 43)
671 2866 724 2939 διὰ
740 2874 846 2941 τοῦτο
863 2867 1005 2951 εἰκότως
1022 2872 1172 2956 ἐπιφέρει
1190 2861 1246 2952 »ῦς
1261 2872 1354 2939 ἐστιν
1369 2868 1473 2939 εἰκὼν
1488 2872 1553 2939 τοῦ
1567 2872 1657 2939 θεοῦ

405 2971 468 3036 τοῦ
487 2962 666 3054 ἀοράτουι.
701 2964 789 3039 πότε
809 2966 991 3058 γενόμενος
1013 2969 1116 3040 εἰκών
1138 2963 1160 3056 ή
1182 2961 1331 3055 ὁπηνίκα
1353 2964 1394 3039 τό
1420 2962 1513 3038 »κατ>
1537 2961 1657 3038 εἰκόνα

290 3083 325 3137 25
403 3073 460 3136 καί
490 3063 569 3137 καθ’
593 3062 774 3159 όμοίωσινι
800 3065 984 3157 ἀνείληφεν
1010 3064 1162 3156 πλάσμα,·
1193 3072 1198 3155 Ι
1230 3063 1403 3155 πρότερον
1426 3063 1505 3156 γάρ,
1538 3063 1656 3153 ὥσπερ
1676 3084 1716 3140 47

404 3163 572 3249 πολλάκις
593 3170 691 3256 ἔφην,
714 3163 812 3239 οῦδὲν
835 3168 952 3256 ἕτερον
974 3159 1017 3254 ήν
1037 3162 1059 3255 ἢ
1081 3162 1191 3255 λόγος.
1760 3186 1764 3191 ’

341 3288 397 3352 καί
420 3286 566 3372 ἐπιμένει
588 3280 630 3353 τὸ
653 3278 737 3355 αῦτὸ
761 3279 970 3372 γυμνότερον
990 3288 1177 3369 διασαφῶν,
1200 3278 1241 3352 δι’
1266 3274 1317 3354 σόν
1339 3290 1444 3372 φησίν

404 3385 473 3467 (Nr.
496 3389 548 3469 82)
579 3378 704 3453 οῦκοῦν
734 3379 922 3471 πρόδηλον,
955 3375 1010 3454 ότι
1038 3380 1107 3471 πρὸ
1139 3386 1199 3471 τῆς
1220 3386 1286 3454 τοῦ
1307 3377 1473 3472 ἡμετέρου
1496 3382 1659 3474 σώματος

404 3476 611 3571 ἀναλήψεως
633 3477 651 3553 δ
674 3478 776 3571 λόγος
798 3477 877 3552 καθ’
901 3480 1026 3554 ἑαυτὸν
1050 3477 1112 3554 οῦκ
1127 3473 1169 3571 ήν
1185 3481 1288 3553 είκών
1303 3486 1367 3554 τοῦ
1387 3477 1541 3570 ἀοράτου
1554 3488 1658 3554 θεοῦ·

289 3596 324 3649 30
404 3579 470 3669 τήν
490 3579 554 3670 γὰρ
577 3578 692 3653 εἰκόνα
714 3574 860 3669 δρᾶσθαι
881 3578 1055 3671 προσήκει,
1078 3584 1141 3657 ίνα,
1154 3579 1208 3653 διὰ
1223 3587 1285 3671 τῆς
1300 3577 1433 3664 εἰκόνος
1448 3579 1490 3653 τὸ
1507 3587 1596 3665 τέως
1609 3581 1657 3672 μὴ

404 3674 582 3768 ὁρώμενον
604 3674 750 3767 όρᾶσθαι
772 3678 922 3770 δύνηται.

341 3799 398 3863 καί
419 3790 527 3865 πάλιν
548 3803 776 3882 προστίθησιν
798 3802 909 3884 λέγων
1675 3808 1711 3862 24

404 3896 474 3979 (Nr.
489 3900 542 3979 82)
563 3900 640 3975 ποῦς
661 3885 724 3965 οῦν
745 3890 881 3965 εἰκόνα
911 3900 984 3965 τοῦ
1015 3890 1191 3983 ἀοράτου
1221 3900 1321 3966 θεοῦ
1348 3892 1421 3968 τόν
1452 3900 1526 3967 τοῦ
1556 3902 1659 3968 θεοῦ

404 3989 527 4081 λόγον
542 3988 706 4081 Ἀστέριος
728 3994 831 4065 εἶναι
845 4000 1024 4083 γέγραφεν·
1054 3997 1087 4065 αί
1102 3994 1164 4082 γὰρ
1186 3990 1314 4077 εἰκόνες
1333 3992 1474 4067 τούτων
1498 3986 1552 4069 τόν
1573 4002 1659 4069 εἰσιν

427 4230 514 4286 anx.
533 4236 573 4299 15,
592 4233 625 4287 27
652 4261 686 4273 -
710 4233 826 4290 ssProv'.
843 4233 868 4300 8,
886 4232 920 4286 24
946 4262 980 4271 -
1006 4230 1043 4286 11
1064 4230 1142 4285 Prov.
1160 4229 1185 4297 Β,
1203 4232 1237 4287 25
1257 4260 1292 4271 -
1321 4230 1356 4286 18
1377 4231 1483 4299 11011,
1503 4235 1660 4290 15-17-

341 4332 381 4388 28
399 4332 460 4389 Κοί.
479 4335 502 4401 1,
523 4337 555 4389 15
572 4362 605 4373 -
624 4334 665 4389 24
683 4335 749 4390 Gen.
769 4338 792 4399 1,
810 4334 895 4389 26-
914 4332 954 4389 22
971 4330 1033 4387 Kol.
1052 4333 1075 4398 1,
1094 4335 1127 4388 15
1144 4361 1178 4372 -
1196 4332 1236 4388 ⁸8
1254 4331 1315 4388 Κο1
1334 4336 1359 4399 1,
1378 4335 1412 4390 15

429 4531 445 4587 l
472 4529 504 4587 δὲ
520 4532 582 4587 ami
600 4534 639 4587 st
657 4532 689 4599 δὴ
708 4533 733 4584 V
759 4534 764 4597 1
790 4535 808 4587 6
830 4528 973 4601 λίγαντος]
999 4527 1090 4602 λέγων
1111 4531 1175 4587 τοῦ
1194 4534 1232 4589 st„
1250 4533 1268 4589 1
1287 4532 1381 4604 λέγων
1401 4529 1458 4590 td?
1484 4534 1490 4601 Ι
1516 4534 1536 4591 8
1558 4526 1661 4591 ἔπειτα

342 4630 378 4684 Κ]
396 4626 442 4686 ἐπί
459 4629 530 4688 ταί
556 4636 560 4699 Ι
589 4634 627 4690 18
640 4630 715 4702 λέγει
729 4632 792 4687 and,
811 4634 848 4686 81.
866 4625 941 4688 εἶναι
957 4633 983 4687 V
1009 4634 1014 4701 Ι
1042 4634 1079 4690 14
1093 4634 1145 4702 τήν
1161 4629 1226 4690 κατ’
1243 4632 1349 4705 αἰετῶν]
1366 4639 1522 4705 τηνικαῦτα
1539 4635 1604 4691 and
1620 4636 1660 4692 St
