3728 5508
647 487 744 539 contra
761 486 923 541 Marcellum
941 489 1029 543 11..
1015 492 1038 542 ⁰.
1475 494 1493 555 9

262 656 283 722 ‘2
306 644 484 720 ίῦτίκαδ
501 676 563 719 ουν
579 678 641 720 του
656 677 837 739 προφητου
854 658 1021 738 Ζαχαρίου
1042 650 1129 720 κατὰ
1152 680 1233 731 τοις
1248 679 1308 739 της
1323 646 1494 721 έπανοδου
1529 650 1574 710 ὅτι
1596 652 1663 711 οἶδὲ

179 744 323 836 χρόνους
338 754 398 836 τῆς
421 743 488 818 άπὸ
508 757 712 831 Βαβυλῶνος
734 757 925 837 γενομένου,
948 746 1053 837 Ἰησοῦ
1067 757 1122 824 32¹
1145 779 1180 820 τε
1195 749 1492 839 μνημονεῦσαντος
1519 722 1672 877 χὲξχῇξᾷοῗ,

180 845 621 969 τοῦίερέωςτοῦμεγάλου,
645 848 772 968 δηλαδέη
798 856 860 919 τοῦ
883 854 958 921 υίοῦ
973 843 1169 934 Ἰωσεδέκ,“
1152 878 1189 931 ος
1211 843 1279 939 άμα
1298 849 1489 937 Ζοροβάβελ
1531 857 1645 929 γραφάς

180 954 253 1016 τῶν
276 943 346 1019 άπὸ
368 955 576 1032 Βαβυλῶνος
597 948 867 1021 ἐπανελθόντων
889 945 1052 1038 ἡγήσατο,
1084 945 1280 1039 δγενναῑος
1302 942 1405 1032 οὗτος
1435 960 1490 1020 καὶ

147 1056 163 1108 5
179 1047 377 1136 θαυμαστος
399 1048 613 1135 συγγραφεὺς
635 1045 730 1119 ταῦτ’
754 1045 921 1138 ἀγνοήσας
937 1057 1075 1138 τίθησιν
1089 1056 1150 1137 μὲν
1165 1078 1228 1120 τον
1213 1050 1463 1137 Ζαχαρίου
1427 1079 1491 1139 την
1511 1063 1549 1116 10

179 1152 271 1232 λέξιν
296 1143 342 1218 δι’
365 1139 404 1235 ἧς
425 1153 589 1236 μέμνηται
612 1154 675 1218 τοῦ
689 1144 801 1235 Ἰησοῦ,
823 1149 955 1238 μακρὰν
978 1156 1012 1220 δὲ
1035 1156 1096 1238 τῆς
1111 1153 1260 1235 ἱστορίας
1277 1146 1491 1231 ἀκοντισθεὶς

179 1253 291 1334 λέγειν
313 1244 420 1316 αῦτδν
434 1242 622 1336 ῦπείληφεν
641 1256 718 1335 περὶ
732 1245 836 1336 Ἰησοῦ
850 1256 913 1320 τοῦ
932 1256 1084 1331 Μωσέως
1106 1246 1274 1337 διαδόχου.
1308 1257 1364 1319 καὶ
1386 1246 1491 1319 πάλιν
1525 1263 1541 1316 2

179 1352 241 1465 τοῦ
264 1341 464 1419 ἀποστόλου
485 1344 685 1435 γράψαντος
706 1350 743 1416 έν
766 1356 808 1435 τῇ
828 1347 913 1434 πρὸς
929 1344 1087 1429 Γαλάτας
1108 1352 1271 1437 έπιοτολῇ
1287 1355 1415 1420 τοῦτον
1429 1349 1493 1420 τδν

179 1442 314 1533 τρόπον
332 1476 369 1535 »η
359 1443 457 1516 (δὲ
437 1474 509 1516 ανω
519 1444 728 1535 Ἰερουσαλὴμ
743 1450 905 1535 ἐλευθέρα
921 1444 1066 1527 6otlv,“
1045 1478 1119 1535 ητις
1131 1453 1224 1518 ἐστίν
1238 1446 1349 1537 μήτηρ
1365 1445 1492 1566 ημῶνι,

133 1540 199 1633 1οἢ
222 1534 343 1615 λάθετ’
367 1542 388 1633 6
410 1543 472 1617 οῦκ
493 1542 675 1636 ένοηοεν
654 1575 666 1613 ι
696 1547 786 1615 καὶ
775 1576 864 1617 εκων
885 1552 1075 1634 διαστρέφει
1097 1545 1160 1617 τόν
1183 1544 1295 1636 λόγον,
1319 1543 1461 1634 γράφων

240 1649 318 1729 (No.
335 1649 366 1732 1)
400 1642 438 1734 »ἡ
462 1642 534 1716 δε
515 1654 658 1734 ημετερα
682 1642 891 1735 Ιερουσαλὴμ
914 1646 986 1717 ἅνω
1006 1651 1112 1717 ἐστίν·
1136 1643 1221 1734 αὕτη
1253 1647 1316 1735 γὰρ
1343 1646 1493 1719 δουλεύει

240 1745 328 1832 μετά
351 1753 424 1816 τῶν
450 1751 582 1816 τέκνων
603 1743 736 1835 αῦτηςι

179 1851 233 1913 καὶ
258 1836 359 1926 αὖθις
383 1850 445 1916 τοῦ
467 1867 622 1934 σωτηρος
638 1875 735 1934 ημων
751 1874 802 1915 τω
785 1852 937 1935 ’Πέτρῳ
955 1842 1130 1934 εἰρηκότος
1153 1873 1277 1933 »υπαγε
1292 1854 1402 1916 οπισω
1418 1875 1492 1966 μου
1527 1867 1544 1919 3

179 1949 321 2025 σατανᾶ,
344 1941 536 2016 σκάνδαλον
558 1948 588 2015 εί
607 1939 729 2033 ἐμοί(Ι
711 1976 766 2017 οτι
786 1975 827 2016 ου
842 1963 979 2032 φρονεῖς
1002 1943 1045 2015 τὰ
1067 1951 1130 2015 τοῦ
1151 1952 1236 2015 θεοῦ
1252 1943 1337 2017 άλλά
1354 1945 1396 2015 τά
1419 1976 1493 2017 των

133 2059 162 2111 15
179 2038 419 2131 ανθρωπωνι,
451 2041 492 2114 οῦ
513 2051 623 2126 συνεὶς
653 2039 749 2128 ὅπως
780 2040 798 2116 δ
830 2043 932 2133 λόγος
962 2050 1077 2134 εἴρητο
1099 2044 1187 2131 πρὸς
1208 2046 1272 2116 τὸν
1293 2042 1493 2117 ἀπόστολον

178 2150 233 2214 καὶ
270 2142 326 2213 διδι
360 2151 465 2214 ποίαν
496 2151 622 2227 αἰτίαν,
654 2143 740 2233 πρὸς
771 2146 833 2216 τδν
864 2142 1025 2230 διάβολον
1055 2150 1164 2216 ταῦτα
1195 2149 1353 2232 λελέχθαι
1380 2154 1491 2235 φησίν.

179 2237 265 2330 ὁμοῦ
290 2247 325 2311 δὲ
347 2249 498 2314 τοσαῦτα
520 2242 702 2334 σφάλματα
725 2241 793 2315 ῦπὸ
825 2253 905 2333 μίαν
937 2252 1074 2333 τίθησιν
1103 2244 1293 2333 περικοπὴν
1321 2242 1492 2331 αῦτολεξεὶ

179 2349 310 2413 τοῦτον
332 2339 477 2430 γράφων
499 2342 562 2413 τόν
585 2341 717 2431 τρόπον

241 2445 319 2527 (No.
343 2435 428 2531 1)“
409 2472 463 2513 οτι
486 2440 584 2514 οῦδὲν
607 2438 713 2533 ὄνομα
741 2455 856 2533 μεῖζον
879 2440 984 2531 Ἰησοῦ
1016 2450 1089 2513 τῶν
1114 2448 1169 2514 ἐπὶ
1197 2451 1257 2532 τῆς
1287 2449 1352 2532 γῆς
1373 2438 1494 2533 ὄνομα·

244 2548 408 2612 σθέντων
429 2550 574 2630 γέγονεν,
595 2561 760 2670 μαρτυρεῖ
779 2549 841 2632 μὲν
863 2543 904 2615 τὸ
929 2539 1137 2631 εὐαγγέλιον,
1160 2546 1244 2612 ἔνθα
1271 2538 1308 2613 ιδ
1333 2542 1491 2631 ἄγγελος(

241 2649 289 2729 τῇ
311 2639 448 2730 θίαριδιμ
466 2641 529 2731 »μὴ
552 2644 719 2728 φοβοῦ«”
703 2671 769 2767 εφη
787 2634 897 2731 »εὗρες
912 2643 975 2731 γὰρ
995 2639 1094 2729 χάριν
1115 2641 1206 2731 παρὰ
1233 2648 1296 2713 τοῦ
1317 2648 1408 2712 θεοῦ.
1437 2649 1493 2712 καὶ

242 2740 321 2812 ἰδοῦ
335 2739 491 2863 συλληφη
507 2747 544 2811 έν
559 2750 674 2832 γαστρι
689 2749 744 2812 καὶ
760 2749 838 2830 τέξη
861 2741 946 2823 υἱόν,
968 2771 1023 2811 και
1011 2747 1185 2823 καλέσεις
1208 2741 1248 2813 τὸ
1264 2736 1372 2830 ὄνομα
1388 2737 1493 2811 αὐτοῦ

241 2838 380 2929 Ἰησοῦν.
405 2869 506 2923 ουτος
522 2845 614 2913 εσται
629 2870 739 2929 μεγας
762 2849 817 2911 καί
832 2838 1065 2928 υίοςυιμστου
1079 2839 1321 2930 κληθησεταιι
1337 2847 1495 2928 δι’γλονδέ
1526 2863 1544 2914 4

243 2945 339 3011 ἐστιν
359 2937 457 3011 καὶ’
436 2940 505 3011 απὸ
522 2947 582 3030 τῆς
598 2970 660 3011 του
645 2946 844 3058 Ζαχαρίου
864 2949 1086 3030 προφητείας,
1108 2938 1213 3011 πάλαι
1236 2948 1311 3027 περὶ
1335 2948 1396 3011 τοῦ
1419 2936 1493 3012 διό-

134 3052 161 3100 ’-’”
243 3068 353 3128 ματος
380 3039 507 3110 τοῦτον
528 3036 818 3130 προφητευσάσης,
844 3043 1000 3126 ιέδειξενι
1026 3040 1089 3129 γὰρ
1114 3068 1204 3127 »μοιι
1236 3048 1338 3128 φησὶν
1363 3039 1494 3127 »κύριος

243 3137 374 3227 Ἰησοῦν
389 3139 451 3210 τόν
466 3144 553 3228 ἱερέα
570 3138 633 3210 τὸν
648 3145 760 3227 μέγαν,
776 3140 908 3210 ἓστοῦτα
923 3137 990 3225 πρὸ
1006 3138 1196 3228 προσώπου
1211 3134 1354 3227 άγγέλου
1368 3147 1493 3227 κυρίου,

245 3244 301 3309 καὶ
325 3232 344 3309 6
360 3235 518 3322 διάβολος
534 3237 678 3329 είστὴκει
693 3243 729 3309 ἐκ
745 3244 867 3323 δεξιῶν
883 3237 988 3309 αὐτοῦ
1004 3245 1066 3308 τοῦ
1082 3234 1292 3309 άντικεῑσθαι
1307 3236 1410 3328 αῦτῴ.
1441 3247 1495 3308 καὶ

246 3337 341 3408 είπεν
360 3336 475 3425 κῦριος
489 3337 576 3426 πρὸς
591 3338 654 3410 τόν
669 3335 841 3423 διάβολον·
864 3335 1054 3425 ἐπιτιμῆσαι
1069 3336 1183 3423 κύριος
1203 3341 1239 3408 έν
1255 3345 1308 3408 σοὶ
1331 3335 1349 3408 6
1365 3337 1494 3423 έκλεξά·

245 3465 347 3527 μενος
362 3433 675 3526 τὴνἸερουσαλὴμι.
698 3436 785 3509 πότε
801 3437 862 3527 γάρ
879 3435 971 3525 αὐτῷ
988 3442 1200 3526 έπειίμησεν;
1216 3431 1273 3506 ὅτε
1289 3435 1353 3507 τὸν
1368 3434 1493 3525 άγαπη-
1528 3462 1545 3514 5

245 3543 356 3607 θέντα
378 3533 433 3606 ὑπ’
456 3533 563 3607 αὐτοῦ
584 3537 776 3623 άνθρωπον
797 3545 849 3627 τῷ
866 3539 988 3608 ἑαυτοῦ
1003 3543 1152 3624 συνῆψεν
1168 3533 1269 3624 λόγῳ.
1303 3533 1340 3605 »6
1363 3536 1494 3622 ἐκλεξά-

245 3663 364 3725 μενος(
378 3641 480 3722 φησὶν
494 3632 823 3726 »τὴνἸερουσαλήμ«,
834 3634 996 3727 δηλονότι
1011 3636 1140 3724 ταύτην
1154 3636 1219 3726 τὴν
1234 3632 1407 3724 ἡμετέραν,
1417 3643 1493 3723 περὶ

249 3728 288 3825 ἧς
310 3730 329 3805 6
353 3729 545 3819 άπδστολος
568 3744 655 3825 λέγει
680 3734 718 3825 >6
740 3744 775 3808 δὲ
797 3734 940 3825 ἡμετέρα
954 3734 1163 3825 Ἰερουσαλὴμ
1186 3736 1260 3805 ἄνω
1283 3740 1387 3806 ἐστίν·
1409 3729 1495 3824 αῦτη

247 3834 310 3922 γάρ
326 3833 475 3906 δουλεύει
490 3835 574 3923 μετὰ
590 3845 662 3908 τῶν
676 3843 809 3907 τέκνων
824 3833 957 3926 αῦτηςι.
981 3842 1164 3925 τηνικαῦτα
1180 3835 1242 3925 γάρ
1257 3840 1294 3906 έν
1310 3843 1351 3923 τῇ
1366 3832 1494 3923 μεγάλη
1528 3856 1545 3910 6

248 3929 334 4022 αὐτῇ
347 3929 566 4024 Ἰερουσαλήμ,
583 3942 760 4006 τουτέστιν
774 3939 810 4006 ἐν
826 3944 868 4023 τῇ
884 3934 1027 4026 ἡμετέρᾳ
1043 3939 1210 4026 ἐκκλησίᾳ,
1227 3932 1406 4022 γενόμενος
1422 3939 1495 4004 έπε-

272 4106 288 4161 1
309 4104 388 4159 Zach.
402 4107 452 4171 36
471 4134 503 4144 -
521 4105 573 4160 911
588 4105 648 4159 Gal.
666 4111 690 4169 4,
700 4108 734 4161 26
759 4135 793 4143 —
820 4107 859 4161 10
878 4105 933 4175 νηί.
952 4105 1087 4160 Homer!
1102 4106 1151 4161 537
1174 4135 1207 4144 -
1236 4105 1274 4159 13
1292 4104 1392 4158 Matth.
1413 4107 1453 4165 16,
1462 4106 1495 4159 23

186 4236 219 4247 -
238 4208 278 4263 20
296 4207 364 4262 Luk.
384 4212 407 4271 1,
420 4207 522 4261 30-32
539 4235 572 4245 —
591 4206 629 4261 25
648 4207 728 4261 Zach.
746 4209 770 4271 3,
791 4211 813 4264 1.
831 4209 848 4262 2
866 4239 898 4246 -
918 4208 958 4264 80
976 4209 1055 4263 Ζοοίι.
1075 4208 1137 4273 3,1.
1156 4208 1172 4260 ‘2
1189 4236 1222 4245 —
1241 4206 1280 4261 82
1301 4205 1361 4260 Gal.
1370 4208 1396 4272 4,
1409 4208 1449 4261 26.
1462 4207 1496 4260 25

271 4359 288 4413 ῦ
306 4352 489 4430 ὑπογραφεὺς
508 4356 542 4421 V,
561 4373 628 4411 corr.
639 4359 675 4411 Κ]
693 4358 747 4428 vgl.
758 4358 883 4428 Register
898 4361 902 4426 Ι
920 4360 958 4414 10
976 4352 1081 4414 ἔλαθεν
1092 4357 1131 4409 V*
1143 4354 1275 4424 (έλάθετο
1286 4356 1356 4410 v2a.
1367 4357 1409 4424 R),
1428 4372 1496 4411 corr.

189 4457 248 4523 Ga!
267 4456 484 4529 1.διε’στρεφεν’ί
504 4461 508 4526 Ι
530 4461 566 4515 l?
586 4457 616 4515 δὲ
634 4458 736 4528 (¹616)
755 4478 781 4513 m
795 4461 862 4528 δην
882 4460 887 4525 Ι
915 4467 1033 4514 τοιαῦτα
1051 4459 1084 4525 V,
1103 4475 1170 4513 corr.
1190 4458 1241 4511 We
1260 4460 1265 4524 Ι
1287 4460 1324 4514 Ιθ
1348 4453 1401 4528 δτι]
1423 4459 1450 4513 τί
1467 4457 1496 4513 δὲ

188 4575 212 4612 ε.
230 4558 260 4612 R„
279 4558 319 4612 V²
337 4577 369 4615 w.
387 4576 410 4613 e.
428 4562 483 4614 sch.
504 4562 508 4627 Ι
533 4561 572 4615 25
591 4555 695 4627 ἔδειξεν
712 4579 739 4613 m
757 4555 851 4628 ἔλεξεν
869 4562 893 4614 V
918 4563 922 4627 Ι
946 4561 986 4617 28
1005 4562 1059 4629 σοί]
1079 4567 1112 4624 -ί-
1130 4556 1251 4631 διοίβολε,
1269 4561 1319 4614 καί
1335 4556 1497 4630 έπιτίμησαι

188 4659 285 4731 κέρεος
302 4657 333 4716 έν
351 4663 397 4716 σοί
416 4661 503 4726 ΙιΧΧς
521 4662 751 4717 einzuschieben‘?
766 4664 770 4725 1
786 4662 825 4717 84
844 4662 862 4716 l.
880 4660 987 4731 16616‘?
