3720 5508
319 438 356 495 14
911 424 1045 481 Eusebius

420 594 528 675 3(Nr.
555 596 627 676 112)
662 587 768 660 Οὐδὲν
798 589 860 678 γὰρ
883 589 1027 669 ἄτοπον,
1059 591 1158 677 οἶμαι,
1190 593 1227 661 ἐν
1208 597 1308 679 ντῷ
1339 586 1484 678 παρόντι
1507 584 1624 678 όλίγον
1641 606 1822 676 Μαρκέλλω

381 699 453 762 τῶν
476 694 607 778 ἔξωθεν
628 719 763 779 υπομνι
746 696 819 778 σαί
841 712 877 760 σε
899 697 1101 778 παροιμιῶν
1640 677 1729 763 ”⁵9²6
1724 694 1790 731 ²⁰²⁷

422 787 525 860 ικκ
548 798 583 858 ιι
597 797 845 908 ιηονιικηυ
860 795 1398 910 κριικνιινιννκτιιιῃιτκ
1421 790 1624 913 εαύεηνεὴν
1640 738 1816 895 23⁰6&

379 898 565 1010 παροιμίαν
580 888 665 1011 πρὸς
691 896 752 979 μὲν
768 888 808 960 τό
824 887 1033 1008 φαινόμενον
1049 897 1112 961 τοῦ
1127 887 1319 981 γράμματος
1333 887 1536 976 δπολοίβοι”
1516 921 1558 961 αν
1573 919 1626 974 τις
1644 907 1681 962 15
1700 899 1788 947 W·

379 990 468 1061 κατὰ
490 996 564 1060 τῶν
586 988 763 1079 γράμματα
787 985 1022 1060 διδασκόντων
1044 995 1210 1077 εἰρῆσθαι·
1248 995 1319 1062 ἐπεὶ
1341 999 1396 1061 καί
1429 987 1543 1076 ἕτερός
1574 1019 1626 1072 τις

382 1097 454 1159 τῶν
474 1089 554 1177 παρ’
579 1087 694 1173 αὐτοῖς
719 1094 905 1172 »ἐδίδασκες
927 1085 1113 1177 γράμματα,
1136 1091 1202 1178 ίγοδ
1226 1085 1255 1160 δ
1277 1095 1448 1176 ἐφοίτων(
1475 1095 1549 1179 ἔφη.
1585 1089 1626 1161 τὸ

381 1186 409 1260 δ
433 1186 493 1278 οὐχ
515 1183 628 1273 οὕτως
650 1192 736 1277 ἔχειν
759 1192 790 1260 οί
819 1189 860 1259 τὰ
890 1187 1116 1279 ὑπομνήματα
1146 1187 1338 1279 γράψαντες
1368 1192 1510 1277 ἔφασαν·
1552 1184 1626 1260 ἀλλ’

381 1289 496 1379 ἐπειδὴ
517 1285 719 1377 Ἀθηναίους
741 1295 957 1372 Σικελιῶται,
985 1296 1097 1375 φασίν,
1119 1296 1258 1378 πολέμῳ
1282 1288 1480 1379 νικήσαντες
1501 1287 1627 1378 μόνους

382 1393 510 1476 ἔσωζον
541 1388 621 1468 τούς
651 1396 806 1460 παιδείαν
839 1395 1108 1478 σκηπτομένους,
1145 1386 1367 1470 διδασκάλους
1397 1385 1522 1469 αὐτοὺς
1552 1407 1625 1471 τοῖς

380 1495 496 1561 παισίν
517 1487 671 1576 ἄγοντες,
703 1487 785 1570 τοὺς
807 1495 842 1559 δε
865 1488 990 1569 ἄλλους
1011 1485 1144 1569 πάντας
1170 1484 1348 1573 ἐφόνευον,
1379 1492 1415 1574 ἐξ
1444 1484 1561 1558 αὐτῶν
1584 1485 1624 1577 δή

381 1618 476 1670 τινας
499 1584 671 1677 φυγόντας
692 1597 747 1659 καὶ
770 1585 1027 1669 ἐπανελθόντας
1043 1592 1284 1676 ἐρωτωμένους
1300 1616 1336 1658 τε
1351 1585 1419 1658 δπό
1434 1585 1625 1676 Ἀθηναίων

381 1696 458 1775 περί
488 1716 595 1759 τινων
617 1683 855 1775 διαφερόντων
878 1684 993 1768 αὐτοῖς
1024 1691 1154 1772 ἔφασαν
1185 1689 1349 1775 εἰρηκέναι
1373 1683 1476 1756 AM
1499 1695 1536 1755 ΙΙ
1561 1694 1625 1755 w

382 1794 582 1867 GNHKEN,
606 1795 641 1855 Η
659 1793 878 1857 ΔΙΔΑΣΚΕΙ
896 1791 1157 1856 ΓΡΑΜΜΑΤΑ.

424 1896 457 1959 τί
473 1893 577 1957 δὲκαὶ
593 1884 633 1957 τό
650 1892 730 1959 Ali
745 1895 839 1955 ΤΗΝ
847 1892 1113 1969 ΜΑΧΑΙΡΑΝ;
1128 1893 1293 1971 νομίσειεν
1310 1884 1352 1955 ἄν
1368 1915 1420 1967 τις
1436 1890 1623 1974 [είρῆσθαι],
1659 1904 1675 1958 2

382 1991 438 2057 ίνα
460 1995 515 2057 θῶ
537 1984 710 2096 πρότερον
734 1986 776 2057 τὰ
798 1996 875 2073 περὶ
897 1983 1002 2076 αὐτῆς
1025 1982 1197 2075 λεγόμενα,
1220 1981 1361 2066 πόντιος
1382 2013 1452 2055 που
1472 1983 1527 2055 διὰ
1550 1985 1624 2073 <τὸ>

384 2086 448 2173 τὴν
471 2091 644 2174 θυομένην
667 2088 744 2173 αἶγα
766 2092 811 2167 είς
833 2085 898 2175 τὴν
925 2084 1090 2174 μάχαιραν
1121 2081 1255 2171 ἇφορῖιν
1285 2091 1438 2174 εἰρῆσθαι
1468 2083 1533 2173 τὴν
1563 2113 1625 2154 πα-

382 2189 532 2305 ροιμίαν.
561 2181 633 2255 ἀλλ’
652 2178 727 2255 οότι
751 2214 786 2274 γε
802 2181 897 2257 τοῦτ’
913 2189 1043 2270 ἔφασαν
1058 2189 1090 2255 οί
1104 2189 1257 2255 παλαιοί·
1281 2182 1357 2255 οὐδε
1381 2183 1442 2272 γὰρ
1464 2192 1626 2272 παροιμία

382 2288 424 2384 ην
447 2313 489 2353 αν
512 2281 532 2371 6
555 2295 721 2371 λεχθεῖσα,
745 2289 810 2374 είγε
832 2280 931 2355 τοῦθ
954 2277 1069 2366 οότοος
1096 2285 1181 2370 εἶχεν
1203 2290 1322 2369 (τοῦτο
1345 2283 1407 2373 γὰρ
1430 2280 1627 2356 ἀκόλουθον

382 2386 424 2472 66
405 2388 482 2453 νέκ
505 2391 578 2453 τῶν
600 2390 836 2503 φαινομένων
842 2389 992 2470 ἐννοεῖν),
1017 2379 1089 2454 ἀλλ’
1106 2388 1160 2454 ἐπὶ
1183 2390 1256 2453 τῶν
1279 2384 1412 2464 εαυτοῑς
1434 2381 1521 2453 κακὰ
1543 2411 1625 2469 προ·

382 2481 578 2566 ξενούντων
598 2490 749 2573 εἰρῆσθαι
772 2480 877 2555 τοῦτό
894 2510 1005 2571 φασιν.
1037 2489 1140 2570 φασίν
1155 2482 1243 2601 γὰρ
1233 2480 1385 2570 ίίήδειαν
1407 2485 1443 2552 έν
1461 2490 1624 2571 Κορίνθῳ

381 2582 423 2651 τὰ
446 2589 549 2654 τέκνα
571 2581 823 2655 ἀποκτείνασαν
844 2582 1059 2670 κατακρύψαι
1081 2581 1146 2671 τὴν
1167 2578 1333 2670 μάχαιραν
1364 2577 1501 2653 αὐτόθι·
1545 2580 1626 2663 τούς

381 2689 415 2753 δὲ
440 2689 646 2771 Κορινθίους
667 2681 754 2753 κατὰ
774 2681 924 2771 χρησμὸν
946 2679 1062 2764 αὐτοῖς
1084 2687 1235 2753 δοθέντα
1256 2684 1333 2770 αίγα
1360 2687 1522 2770 μέλαιναν
1552 2685 1624 2752 nn-

381 2790 538 2869 γίζοντας
561 2777 701 2870 ἀπορεῖν
721 2789 891 2870 μαχαίρας,
915 2783 980 2872 τὴν
1003 2788 1037 2853 δὲ
1058 2784 1134 2870 αίγα
1155 2779 1369 2853 σκάλλουσαν
1390 2789 1441 2871 τῴ
1464 2786 1544 2851 ποδι
1560 2779 1624 2869 τὴν

382 2886 530 2970 Μηδείας
553 2877 706 3001 ρίνευρεῑν
728 2880 895 2970 μάχαιραν
916 2890 971 2953 καὶ
993 2878 1079 2969 αὐτῇ
1103 2888 1258 2971 τυθῆναι.

420 2987 454 3050 τί
475 2980 567 3052 δὲτὸ
588 2987 863 3051 4ΛΙΣΔΡίΘΣ
881 2989 1046 3103 σημαίνει;
1068 2989 1149 3070 φησί
1173 3006 1236 3064 τις·
1268 2977 1309 3052 06
1330 2979 1393 3069 γὰρ
1416 2977 1566 3050 δυνατὸν
1587 2981 1623 3048 ἐκ
1657 2995 1674 3049 3

380 3085 443 3149 τοῦ
464 3088 645 3198 προχείρου
666 3081 863 3168 γιγνώσκειν
885 3111 950 3170 την
964 3110 1155 3171 παροιμιαν
1192 3085 1389 3163 οίπαλαιοί,
1414 3075 1461 3160 οός
1484 3081 1622 3164 ἔφασαν,

378 3179 446 3268 πρό
470 3186 531 3296 της
553 3186 617 3301 106
638 3187 735 3251 σίτου
756 3190 918 3269 γεωργίας
940 3187 1271 3270 βαλανηφαγοῦντες,
1300 3174 1465 3268 ἐπειδὴ(
1437 3207 1486 3259 ως
1508 3170 1623 3265 ᾤοντο

382 3273 553 3365 δκαρπός
576 3271 678 3360 οὗτος
700 3272 844 3367 ὕστερον
874 3283 1010 3371 εὑρέθη,
1042 3285 1160 3370 ἐκείνῳ
1191 3285 1416 3365 προσέχοντες
1448 3275 1510 3347 τὸν
1541 3281 1625 3346 νοῦν

379 3385 436 3447 καί
460 3407 500 3498 τη
522 3386 693 3466 μεταβολῇ
714 3388 979 3468 προσχαίροντες
995 3387 1109 3449 ΑΛΙΣ
1121 3352 1269 3449 ιίΡΥΘΣ
1288 3383 1418 3466 ἔλεγον
1447 3384 1503 3446 καὶ
1520 3380 1624 3445 τοῦτο

380 3482 435 3550 34'
458 3476 524 3565 τὴν
545 3486 730 3567 παροιμίαν
753 3483 882 3565 ἔφασαν
904 3482 996 3550 εἶναι.

424 3568 523 3658 αὖθίς
559 3606 596 3646 τε
632 3577 747 3666 ἑτέρας
782 3588 963 3667 παροιμίας
992 3576 1060 3651 ὑπὸ
1091 3587 1265 3650 πλείστων
1295 3584 1369 3647 τῶν
1398 3572 1479 3663 παρ’
1509 3572 1625 3657 αὐτοῖς
1658 3592 1676 3643 4

381 3683 502 3761 σοφῶν
524 3682 561 3746 ἐν
582 3685 754 3759 πλείστοις
775 3685 829 3748 καί
853 3686 1029 3767 διαφόροις
1050 3687 1191 3764 βιβλίοις
1223 3683 1408 3766 εἰρημένης,
1441 3679 1519 3745 τίνα
1548 3683 1625 3761 περὶ

382 3772 485 3865 αὐτῆς
507 3773 714 3864 γεγράφασιν
736 3781 768 3849 οἱ
791 3779 852 3861 τὰς
873 3787 1053 3867 παροιμίας
1076 3779 1271 3866 ἑρμηνεῦσαι
1286 3772 1510 3863 προελόμενοι
1527 3771 1625 3863 ἄναγ-

406 3946 455 4001 lss'
475 3946 530 4015 vgl.
541 3945 585 4000 die
594 3946 829 4016 Separntausgabe
839 3947 1041 4003 Schneidewins
1059 3948 1096 4001 im
1111 3947 1213 4015 Corpus
1228 3944 1536 4015 paroemioginphorum
1548 3961 1626 4013 grae·

319 4064 412 4101 corum
425 4046 467 4101 ed.
478 4047 595 4101 Leuhhch
614 4050 642 4101 et
657 4047 845 4103 Schneidewin
864 4050 884 4111 Ι,
903 4048 954 4102 XX
972 4048 1000 4102 ff.
1020 4051 1086 4104 1839
1102 4078 1136 4086 —
1153 4048 1171 4103 θ
1188 4048 1383 4101 Demosthenes
1402 4045 1435 4099 de
1454 4062 1507 4100 cor.
1525 4047 1575 4099 315
1593 4074 1626 4083 —
1733 4106 1741 4117 ,
1833 4084 1841 4101 .

319 4147 358 4203 25
377 4148 432 4217 vgl.
452 4149 582 4217 BernnyS,
601 4149 784 4221 Theophrasto
801 4149 903 4204 Schrife
919 4150 986 4204 hbet
1003 4150 1046 4203 die
1064 4147 1262 4219 Frbmmigkcih
1278 4147 1303 4199 S.
1322 4149 1355 4202 63

402 4295 580 4364 θέδίδασκες
598 4298 737 4352 Demoshh.
756 4296 917 4355 έδιδοίσκετο
939 4300 962 4352 V
986 4304 990 4366 Ι
1014 4293 1043 4353 δ’
1060 4301 1200 4354 Demosth.
1223 4296 1253 4353 δὲ
1270 4299 1295 4351 V
1321 4299 1326 4364 Ι
1356 4299 1393 4353 ίθ
1416 4299 1449 4366 δή
1474 4297 1527 4351 Wc
1553 4294 1626 4351 δέθ

320 4404 323 4445 ί
347 4400 383 4453 12
401 4419 486 4455 τινων
503 4399 707 4471 διαφερόντων]
729 4406 787 4455 τῖον
809 4400 1026 4472 διαφθαρέντων
1044 4400 1233 4455 Schneidewin
1256 4404 1260 4465 1
1286 4400 1325 4455 14
1343 4396 1475 4467 εἰρῆσθαι
1493 4402 1540 4453 stt.
1560 4398 1624 4465 Gn!

321 4501 356 4556 15
373 4496 422 4555 ἵνα
439 4506 485 4556 θῶ
503 4503 592 4570 Heyse
610 4502 800 4555 Schneidewin
826 4505 882 4570 μην
901 4497 919 4556 ίὶ
937 4507 983 4557 θῶ
1002 4503 1025 4555 V
1050 4503 1054 4570 Ι
1078 4501 1192 4566 πάντας
1210 4500 1399 4555 Schneidewin
1421 4499 1537 4556 πάντων
1560 4499 1584 4555 V

317 4600 350 4657 τὸ
370 4596 579 4673 ςΙΙίοίίτιγε
599 4595 1558 4673 ΚΙοδτινὲςίίΙθὸ1.φησει’λ126ὼςτυτίτθΙθθοίιυοδί
