3698 5510
580 520 614 577 de
631 522 817 578 ecclesiastiea
834 522 977 593 theologia
995 523 1021 575 ΙΙ
1038 524 1061 577 6.
1081 524 1104 576 7.
1436 526 1493 588 105

188 681 267 754 »ἐὰν
289 685 356 773 ἐγώ
378 691 539 774 μαρτυρῶ
560 694 636 774 περὶ
658 689 813 775 ἐμαυτοῦ,
836 682 856 775 ἡ
877 693 1044 775 μαρτυρία
1064 712 1130 771 μου
1151 681 1213 755 ούκ
1233 686 1326 755 ἐστιν
1347 678 1494 771 ἀληθής·

185 782 290 866 ἄλλος
312 787 405 854 ἐστίν
427 780 447 856 ό
468 792 652 875 μαρτυροῦν
673 794 749 875 περὶ
771 791 882 875 ἐμοῦι.
924 787 996 857 εἶτα
1023 783 1254 874 μνημονεύσας
1279 789 1343 854 τοῦ
1373 792 1492 868 βαπτι·
1527 799 1542 851 ῖ

184 890 282 968 στοῦ,
320 882 385 955 τὸν
419 891 549 976 πατέρα
579 883 731 976 μάρτυρα
762 888 847 958 εἶναι
877 881 984 957 αύτοῦ
1014 881 1161 956 διδάσκει
1192 881 1335 971 φάσκων
1368 890 1441 953 »καί
1473 875 1492 953 ὁ

183 988 322 1072 πέμψας
343 1013 384 1074 με
404 984 532 1074 πατήρ,
556 983 659 1069 αύτὸς
680 985 933 1076 μεμαρτύρηκεν
955 992 1032 1073 περί
1054 990 1165 1073 ἐμοῦι,
1188 992 1243 1055 καὶ
1265 991 1494 1071 προστίθησιν

151 1097 167 1149 5
185 1088 231 1154 »εί
253 1080 411 1175 ἠγαπᾶτέ
430 1114 484 1175 με,
512 1082 651 1177 ἐχάρητε
678 1083 720 1158 Bw
744 1080 798 1158 ότι
820 1084 1006 1175 πορεύομαι
1028 1084 1116 1176 πρὸς
1137 1083 1200 1156 τόν
1221 1089 1366 1169 πατέρα·
1397 1075 1451 1153 ότι
1474 1078 1493 1154 ό

181 1180 299 1273 πατήρ
320 1212 389 1273 μου
408 1192 532 1275 μείζων
553 1183 619 1271 μού
644 1190 766 1258 ἐστινι.
809 1182 854 1257 δι’
879 1177 931 1255 τόν
952 1181 1118 1257 άπάντοον
1141 1184 1260 1272 ἕτερον
1283 1182 1408 1254 ἑαυτὸν
1429 1190 1493 1255 τοῦ
1526 1200 1543 1254 8

180 1281 316 1372 πατρός
338 1290 512 1357 δείκνυσιν.
548 1294 604 1357 καί
619 1284 660 1357 τό
681 1283 846 1373 ῦπερέχον
868 1290 928 1375 τῆς
951 1281 1050 1375 δόξης
1072 1292 1135 1356 τοῦ
1149 1283 1279 1374 πατρός
1293 1290 1492 1373 παρίστησιν

180 1381 235 1453 ιίιά
259 1390 327 1455 τοῦ
349 1382 412 1456 τόν
434 1391 495 1474 μὲν
518 1381 765 1458 ἀπεσταλκέναι
788 1391 910 1475 λέγειν,
939 1384 1063 1457 ἑαυτὸν
1085 1392 1121 1458 δέ
1143 1379 1358 1456 ἀπεστάλθαι
1380 1390 1435 1453 καὶ
1457 1387 1494 1453 έκ

180 1488 244 1553 τοῦ
268 1480 420 1570 ούρανοῦ
444 1492 713 1575 κατεληλυθέναι
746 1482 824 1575 »ούχ
850 1485 906 1557 ίνα
935 1484 1061 1577 ποιὴση
1089 1482 1130 1557 τό
1153 1489 1285 1573 θέλημα
1306 1481 1347 1552 τό
1370 1484 1495 1554 ἑαυτοῦ

134 1595 164 1649 10
179 1578 268 1654 ἀλλὰ
295 1581 336 1655 τὸ
359 1591 422 1656 τοῦ
443 1592 659 1675 πέμψαντας(
693 1582 807 1657 αύτόν.
849 1593 905 1657 καί
931 1593 966 1657 τί
988 1582 1030 1657 ἂν
1056 1582 1142 1672 πρὸς
1165 1588 1273 1653 ταῦτα
1296 1589 1378 1672 φαίη
1403 1578 1494 1670 Μάρ-

180 1693 320 1767 κελλος,
347 1681 486 1757 άκσύων
508 1694 572 1758 τοῦ
598 1681 877 1775 κατεληλυθότος
900 1689 935 1772 ἐξ
957 1681 1105 1775 ούρανοῦ
1126 1688 1235 1754 ταῦτα
1258 1679 1495 1767 ιίιύάσκοντος;

180 1780 221 1853 ού
242 1782 311 1874 γάρ
334 1781 445 1873 δήπου
464 1792 520 1857 καί
543 1790 606 1858 νῦν
628 1782 693 1875 τὴν
715 1781 822 1872 σάρκα
847 1791 911 1856 τοῦ
936 1790 1092 1874 σωτῆρος
1114 1789 1223 1855 ταῦτα
1250 1778 1392 1870 φάσκειν
1413 1786 1490 1868 ἐρεῖ·

180 1879 221 1953 ού
251 1882 320 1973 γάρ
346 1879 368 1974 ἦ
393 1881 477 1975 σάρξ
502 1889 539 1955 ἐκ
561 1890 624 1956 τοῦ
646 1881 793 1973 ούρανοῦ
814 1882 1057 1975 κατελήλυθεν.
1101 1889 1177 1955 τίνα
1199 1890 1319 1953 τοίνυν
1340 1886 1409 1971 ἐρεῖ
1428 1880 1492 1951 τόν
1525 1895 1542 1950 9

179 1986 216 2054 ἐκ
239 1989 308 2055 τοῦ
329 1981 478 2072 ούρανοῦ
503 1980 764 2072 κατεληλυθότα
793 1992 849 2055 καί
880 1990 989 2057 ταῦτα
1020 1981 1239 2066 διόάσκσντα;
1268 1977 1399 2069 πότερα
1430 1978 1492 2052 τόν

134 2095 163 2147 15
180 2082 267 2155 θεὸν
292 2081 400 2156 αύτόν
420 2080 442 2173 ἢ
466 2082 529 2155 τόν
550 2081 666 2175 τούτῳ
689 2090 902 2175 συνημμένον
923 2080 1044 2173 λόγον;
1074 2080 1146 2156 ἀλλ’
1174 2088 1203 2154 εί
1231 2087 1323 2171 λέγοι
1345 2078 1408 2152 τὸν
1430 2109 1493 2153 πα-

180 2188 279 2273 τέρα,
311 2192 446 2273 γυμνοῦς
475 2180 696 2269 ἀνακαλύψας
727 2183 791 2255 τόν
819 2190 1025 2267 Σαβέλλιον,
1056 2180 1159 2265 αὐτὸς
1190 2179 1297 2253 αύτὸν
1327 2175 1346 2252 ό
1377 2180 1491 2270 σωτὴρ

178 2288 389 2371 ἐψευσμένον
418 2280 591 2373 άπελέγξει
620 2289 731 2373 λέγων
764 2289 992 2373 »καταβέβηκα
1025 2287 1062 2354 ἐκ
1093 2290 1157 2355 τοῦ
1183 2280 1331 2371 ούρανοῦ
1354 2277 1414 2369 σύχ
1436 2283 1491 2351 ἵνα

179 2381 317 2475 ποιήσω
340 2382 380 2455 τὸ
403 2391 536 2474 θέλημα
558 2383 599 2455 τό
622 2384 704 2474 ἐμόν
727 2381 814 2456 άλλά
836 2382 877 2455 τὸ
893 2389 1025 2473 θέλημα
1043 2389 1107 2454 τοῦ
1120 2377 1321 2472 πέμψαντός
1343 2407 1413 2469 μετ,
1434 2386 1490 2451 καί
1510 2393 1542 2447 10

182 2481 241 2555 »ού
264 2480 409 2573 ὀύναμαι
430 2484 497 2572 ἐγώ
525 2479 583 2555 ἄπ’
605 2488 751 2573 ἐμαυτοῦ
775 2502 889 2557 ποιεῖν
915 2480 1026 2555 οὐδέν·
1056 2483 1175 2565 καθώς
1205 2479 1320 2552 άκούω
1353 2488 1490 2568 κρίνων,

132 2600 163 2657 25
178 2591 234 2654 καί
271 2580 331 2656 »σύ
361 2590 454 2673 ζητῶ
481 2583 522 2655 τό
544 2589 676 2674 θέλημα
708 2584 749 2656 τό
776 2582 857 2675 ἐμὸν
880 2578 966 2655 άλλά
989 2582 1029 2654 τό
1052 2588 1184 2672 θέλημα
1206 2586 1270 2651 τοῦ
1291 2576 1491 2671 πέμψαντός

178 2713 253 2774 μετ,
283 2690 340 2755 καὶ
370 2677 407 2754 »ό
433 2680 546 2773 πατήρ
567 2711 634 2772 μου
655 2691 780 2773 μείζων
801 2682 866 2772 μού
889 2687 1010 2755 ἐστινι.
1054 2687 1163 2753 ταῦτα
1185 2680 1248 2771 γάρ
1272 2684 1404 2753 οἴεσθαι
1426 2678 1491 2750 τὸν

179 2788 313 2873 πατέρα
336 2780 479 2870 φάσκειν
500 2779 638 2873 ἐσχάτης
660 2782 703 2854 ἂν
725 2789 775 2873 εἴη
797 2790 925 2875 μανίας.
962 2788 990 2855 εί
1005 2789 1040 2855 δέ
1056 2780 1119 2853 τὸν
1141 2785 1244 2871 ἐντῷ
1260 2787 1333 2871 θεῷ
1357 2782 1490 2870 συμφυᾶ
1507 2797 1539 2849 11

180 2879 363 2973 λόγονκαὶ
385 2883 450 2974 τὴν
473 2880 626 2954 διάνοιαν
649 2880 764 2968 αὐτοῦ,
786 2881 866 2956 καθ’
889 2883 931 2974 ἢν
953 2891 1122 2973 λογίζεται
1136 2888 1192 2952 καί
1209 2885 1309 2952 ένύον
1324 2884 1360 2951 ἐν
1379 2880 1489 2968 ἐαυτῷ

180 2987 381 3068 διανοεῖται,
414 2981 457 3055 τὰ
483 2990 686 3072 προκείμενα
713 2990 867 3070 διεξιέναι
890 2993 1002 3075 φησίν,
1024 2990 1080 3054 καί
1102 2989 1179 3064 πῶς
1201 2977 1244 3051 ἂν
1266 2976 1287 3070 ἦ
1308 2976 1491 3068 ἐνθύμησις

133 3099 163 3154 25
180 3088 243 3153 τοῦ
266 3088 351 3154 θεοῦ
371 3090 427 3153 καί
449 3079 471 3173 ἦ
497 3085 535 3153 ἐν
555 3079 649 3172 αύτῷ
673 3079 806 3155 διάνοια
827 3090 1054 3173 καταβέβηκεν
1076 3087 1113 3153 ἐκ
1135 3088 1198 3153 τοῦ
1224 3077 1385 3169 ούρανοῦ;
1417 3084 1492 3160 πῶς

181 3178 215 3250 θ’
237 3186 277 3253 ἐν
299 3188 343 3270 τῇ
365 3189 462 3271 σαρκὶ
483 3174 504 3271 ᾗ
528 3177 710 3271 άνείληφεν
740 3190 901 3275 γενομένη
929 3190 1037 3255 ταῦτα
1064 3179 1199 3270 διεξῄεη
1224 3187 1300 3264 ποῦς
1322 3175 1354 3250 δ’
1378 3173 1431 3266 <ό>
1454 3182 1492 3249 ἐν

181 3290 232 3373 τῷ
256 3289 331 3373 θεῷ
354 3278 455 3371 λόγος
477 3285 546 3371 ἐρεῖ
564 3288 826 3370 καταβεβηκέναι
852 3280 930 3371 »ούχ
952 3287 1006 3354 ἵνα
1028 3279 1152 3372 ποιήση
1176 3279 1216 3351 τό
1231 3285 1364 3369 θέλημα
1386 3275 1493 3349 αύτοῦ

181 3377 269 3454 άλλὰ
290 3382 332 3454 τό
355 3388 418 3453 τοῦ
437 3388 654 3472 πέμψαντος(
680 3377 802 3467 αύτόν,·
828 3388 835 3470 l
861 3382 917 3453 διὰ
944 3380 1082 3453 τούτων
1101 3387 1164 3471 μέν
1186 3374 1205 3450 ὁ
1228 3377 1299 3461 υίὸς
1322 3383 1386 3450 τοῦ
1408 3383 1492 3449 θεοῦ
1510 3394 1557 3463 121
1575 3393 1631 3451 111

181 3482 221 3554 τό
244 3481 332 3572 πρός
355 3481 418 3553 τόν
438 3487 569 3570 πατέρα
591 3489 686 3567 σέβας
708 3483 831 3553 ἑαυτοῦ
851 3489 1064 3570 παρίστησιν·
1087 3474 1145 3553 ότε
1168 3485 1203 3551 δέ
1226 3484 1300 3551 τῶν
1316 3483 1492 3568 γεννητῶν

135 3594 166 3651 30
182 3578 351 3654 άπάντοσν
372 3592 571 3671 καθηγεῖται
593 3588 666 3652 τῶν
689 3578 735 3652 δι’
757 3578 865 3654 αύτοῦ
895 3586 1141 3671 γεγενημένων,
1173 3576 1221 3661 οός
1252 3576 1295 3649 ἂν
1326 3574 1492 3648 ἁπάντων

181 3676 347 3772 ύπάρχων
368 3681 482 3772 σωτὴρ
504 3687 560 3752 καί
582 3679 697 3768 κύριος
718 3689 774 3753 καί
801 3679 1003 3771 δημιουργός
1034 3677 1180 3765 (ιπάντα
1212 3676 1277 3769 γάρ
1308 3674 1353 3748 δι’
1386 3672 1492 3747 αὐτοῦ

181 3785 326 3869 ἐγένετο,
348 3787 405 3852 καί
424 3788 529 3870 χωρίς
551 3777 657 3853 αύτοῦ
678 3784 812 3869 ἐγένετο
836 3778 913 3853 ούόἐ
936 3780 1019 3867 ένι),
1047 3784 1233 3869 τηνικαῦτα
1255 3785 1311 3850 καί
1333 3774 1415 3859 θεὸς
1436 3783 1491 3846 καί

182 3879 349 3971 δεσπότης
378 3886 433 3951 καί
464 3878 580 3970 σοοτὴρ
606 3888 661 3951 καί
688 3880 841 3964 βασιλεύς
869 3877 1113 3970 ἀναγορεύοιτο
1136 3877 1186 3951 ἄν.
1230 3876 1282 3950 διὸ
1304 3884 1360 3948 καί
1382 3881 1491 3958 σέβειν
1508 3891 1541 3945 13

181 3988 236 4051 καί
266 3998 471 4069 προσκυνεῖν
499 3986 554 4050 καί
583 3987 686 4070 τιμάν
716 3977 824 4051 αύτὸν
853 3981 908 4053 οία
938 3978 1024 4051 θεόν
1051 3975 1070 4068 ἡ
1098 3983 1256 4069 ἐκκλησία
1278 3973 1385 4048 αύτοῦ
1407 3980 1490 4046 δεδί-

135 4089 166 4146 35
183 4085 318 4164 όακται,
349 4086 455 4151 τοῦτο
485 4077 651 4169 πράττειν
676 4078 755 4169 παρ’
784 4078 890 4151 αὐτοῦ
910 4085 1074 4170 μαθοῦσα.
1119 4084 1206 4167 λέγει
1229 4073 1261 4148 δ’
1294 4068 1357 4148 οῦν
1387 4072 1490 4155 αύτός
1508 4098 1541 4151 14

183 4174 202 4250 ό
224 4179 340 4271 σωτὴρ
365 4176 462 4251 »οῦδὲ
484 4179 548 4269 γὰρ
570 4174 590 4251 ό
611 4180 726 4271 πατὴρ
747 4187 852 4267 κρίνει
875 4176 1005 4263 οὐδένα,
1028 4174 1116 4249 άλλά
1138 4177 1203 4268 τὴν
1225 4170 1360 4248 άπασαν
1380 4178 1490 4262 κρίσιν

268 4350 283 4407 l
310 4350 372 4406 Joh.
390 4354 414 4412 5,
433 4352 474 4405 31.
492 4352 525 4406 32
553 4381 586 4390 -
612 4350 631 4406 5
654 4349 809 4410 5011531
837 4380 869 4388 -
897 4349 914 4404 5
938 4348 1112 4409 Joh.14‚28
1138 4377 1171 4386 -
1198 4347 1217 4403 8
1244 4347 1306 4400 Joh.
1324 4347 1348 4412 5,
1366 4346 1399 4402 57
1422 4362 1448 4399 u.
1466 4350 1491 4398 5.

185 4452 204 4507 2
230 4451 291 4507 Joh.
314 4452 339 4513 6.
357 4452 391 4507 38
415 4481 448 4490 -
476 4452 512 4506 17
541 4450 603 4506 Joh.
626 4453 651 4518 6,
669 4452 704 4506 38
725 4481 758 4490 -
787 4450 846 4507 121
868 4450 930 4505 Joh.
949 4453 973 4516 5,
991 4451 1026 4506 30
1052 4479 1085 4488 -
1112 4450 1150 4504 21
1178 4448 1240 4503 Joh.
1268 4451 1309 4511 14,
1331 4448 1365 4503 28
1391 4476 1424 4486 -
1452 4446 1489 4504 22

184 4552 245 4609 soh
262 4556 287 4615 6.
305 4552 440 4609 38-21
460 4552 590 4617 Joh.1‚3
608 4582 641 4592 -
660 4553 699 4609 8⁰
717 4552 779 4606 Joh.
797 4555 822 4619 5,
840 4553 881 4607 22.
900 4552 933 4606 23

267 4702 307 4759 2⁸
323 4702 394 4772 καίῐ]
414 4699 488 4758 κατὰ
506 4702 552 4758 Mo
583 4704 588 4771 Ι
621 4702 661 4758 24
681 4697 855 4771 ἂν]1.μὲν’λ
887 4704 891 4770 Ι
925 4701 963 4756 25
982 4702 1165 4774 κατεβεβήκει
1183 4700 1235 4755 We
1268 4703 1271 4765 Ι
1306 4701 1345 4757 26
1364 4695 1381 4756 ό
1399 4699 1434 4753 111
