<?xml version="1.0" encoding="UTF-8"?>
<!DOCTYPE html PUBLIC "-//W3C//DTD XHTML 1.0 Transitional//EN"
    "http://www.w3.org/TR/xhtml1/DTD/xhtml1-transitional.dtd">
<html xmlns="http://www.w3.org/1999/xhtml" xml:lang="en" lang="en">
 <head>
  <title>
</title>
<meta http-equiv="Content-Type" content="text/html;charset=utf-8" />
  <meta name='ocr-system' content='tesseract 3.04.00' />
  <meta name='ocr-capabilities' content='ocr_page ocr_carea ocr_par ocr_line ocrx_word'/>
</head>
<body>
  <div class='ocr_page' id='page_1' title='image "./diegriechischen01religoog/diegriechischen01religoog_0069.png"; bbox 0 0 3728 5508; ppageno 0'>
   <div class='ocr_carea' id='block_1_1' title="bbox 673 495 1498 562">
    <p class='ocr_par' dir='ltr' id='par_1_1' title="bbox 673 495 1498 562">
     <span class='ocr_line' id='line_1_1' title="bbox 673 495 1498 562; baseline -0.011 -9"><span class='ocrx_word' id='word_1_1' title='bbox 673 500 771 553; x_wconf 77' lang='lat' dir='ltr'>contre</span> <span class='ocrx_word' id='word_1_2' title='bbox 786 495 948 551; x_wconf 67' lang='lat' dir='ltr'>Marcellum</span> <span class='ocrx_word' id='word_1_3' title='bbox 966 496 977 549; x_wconf 91' lang='grc' dir='ltr'>Ι</span> <span class='ocrx_word' id='word_1_4' title='bbox 995 498 1020 550; x_wconf 82' lang='grc'><strong><em>4.</em></strong></span> <span class='ocrx_word' id='word_1_5' title='bbox 1461 502 1498 562; x_wconf 79' lang='lat'><strong><em>21</em></strong></span> 
     </span>
    </p>
   </div>
   <div class='ocr_carea' id='block_1_2' title="bbox 133 652 1657 2843">
    <p class='ocr_par' dir='ltr' id='par_1_2' title="bbox 247 652 1501 1050">
     <span class='ocr_line' id='line_1_2' title="bbox 247 652 1501 750; baseline -0.003 -18"><span class='ocrx_word' id='word_1_6' title='bbox 247 657 350 733; x_wconf 84' lang='grc' dir='ltr'><strong><em>ἀλλὰ</em></strong></span> <span class='ocrx_word' id='word_1_7' title='bbox 382 658 482 749; x_wconf 87' lang='grc' dir='ltr'><strong><em>πρός</em></strong></span> <span class='ocrx_word' id='word_1_8' title='bbox 518 658 591 731; x_wconf 87' lang='grc' dir='ltr'><strong><em>τόν</em></strong></span> <span class='ocrx_word' id='word_1_9' title='bbox 627 656 825 750; x_wconf 90' lang='grc' dir='ltr'><strong><em>μακάριον</em></strong></span> <span class='ocrx_word' id='word_1_10' title='bbox 861 665 1077 742; x_wconf 80' lang='grc' dir='ltr'><strong><em>Παυλῖνον,</em></strong></span> <span class='ocrx_word' id='word_1_11' title='bbox 1109 653 1277 747; x_wconf 89' lang='grc' dir='ltr'><strong><em>μακάριον</em></strong></span> <span class='ocrx_word' id='word_1_12' title='bbox 1308 652 1415 727; x_wconf 88' lang='grc' dir='ltr'><strong><em>αότόν</em></strong></span> <span class='ocrx_word' id='word_1_13' title='bbox 1446 655 1501 728; x_wconf 84' lang='grc' dir='ltr'><strong><em>διὰ</em></strong></span> 
     </span>
     <span class='ocr_line' id='line_1_3' title="bbox 247 752 1501 849; baseline -0.004 -17"><span class='ocrx_word' id='word_1_14' title='bbox 247 768 354 832; x_wconf 81' lang='grc' dir='ltr'><strong><em>τοῦτο</em></strong></span> <span class='ocrx_word' id='word_1_15' title='bbox 378 759 502 844; x_wconf 88' lang='grc' dir='ltr'><strong><em>είπῶν,</em></strong></span> <span class='ocrx_word' id='word_1_16' title='bbox 525 752 580 830; x_wconf 86' lang='grc' dir='ltr'><strong><em>ότι</em></strong></span> <span class='ocrx_word' id='word_1_17' title='bbox 607 759 671 849; x_wconf 85' lang='grc' dir='ltr'><strong><em>τὴν</em></strong></span> <span class='ocrx_word' id='word_1_18' title='bbox 693 755 801 848; x_wconf 76' lang='grc' dir='ltr'><strong><em>αὐτὴν</em></strong></span> <span class='ocrx_word' id='word_1_19' title='bbox 822 759 911 845; x_wconf 79' lang='grc' dir='ltr'><strong><em>εἶχεν</em></strong></span> <span class='ocrx_word' id='word_1_20' title='bbox 930 755 1089 848; x_wconf 75' lang='grc' dir='ltr'><strong><em>Ἀστερίῳ</em></strong></span> <span class='ocrx_word' id='word_1_21' title='bbox 1113 753 1225 844; x_wconf 79' lang='grc' dir='ltr'><strong><em>δόξαν.</em></strong></span> <span class='ocrx_word' id='word_1_22' title='bbox 1268 753 1394 830; x_wconf 85' lang='grc' dir='ltr'><strong><em>οόκοῦν</em></strong></span> <span class='ocrx_word' id='word_1_23' title='bbox 1415 760 1501 828; x_wconf 85' lang='grc' dir='ltr'><strong><em>έπει·</em></strong></span> 
     </span>
     <span class='ocr_line' id='line_1_4' title="bbox 248 851 1500 951; baseline -0.002 -21"><span class='ocrx_word' id='word_1_24' title='bbox 248 857 356 951; x_wconf 88' lang='grc' dir='ltr'><strong><em>δήπερ</em></strong></span> <span class='ocrx_word' id='word_1_25' title='bbox 378 859 471 944; x_wconf 75' lang='grc' dir='ltr'><strong><em>τοὺς</em></strong></span> <span class='ocrx_word' id='word_1_26' title='bbox 491 854 755 948; x_wconf 77' lang='grc' dir='ltr'><strong><em>σοφωτάτους</em></strong></span> <span class='ocrx_word' id='word_1_27' title='bbox 776 864 951 947; x_wconf 90' lang='grc' dir='ltr'><strong><em>πατέρας</em></strong></span> <span class='ocrx_word' id='word_1_28' title='bbox 965 853 1136 946; x_wconf 76' lang='grc' dir='ltr'><strong><em>Ἀστερίου</em></strong></span> <span class='ocrx_word' id='word_1_29' title='bbox 1149 854 1400 948; x_wconf 85' lang='grc' dir='ltr'><strong><em>μεμαθήκαμεν,</em></strong></span> <span class='ocrx_word' id='word_1_30' title='bbox 1423 851 1500 928; x_wconf 89' lang='grc' dir='ltr'><strong><em>ἀκό-</em></strong></span> 
     </span>
     <span class='ocr_line' id='line_1_5' title="bbox 247 956 1499 1050; baseline -0.004 -19"><span class='ocrx_word' id='word_1_31' title='bbox 247 970 381 1033; x_wconf 89' lang='grc' dir='ltr'><strong><em>λουθον</em></strong></span> <span class='ocrx_word' id='word_1_32' title='bbox 407 956 550 1050; x_wconf 81' lang='grc' dir='ltr'><strong><em>ἡγοῦμαι</em></strong></span> <span class='ocrx_word' id='word_1_33' title='bbox 573 966 683 1048; x_wconf 90' lang='grc' dir='ltr'><strong><em>λέγειν</em></strong></span> <span class='ocrx_word' id='word_1_34' title='bbox 708 968 765 1030; x_wconf 84' lang='grc' dir='ltr'><strong><em>καὶ</em></strong></span> <span class='ocrx_word' id='word_1_35' title='bbox 787 957 850 1030; x_wconf 86' lang='grc' dir='ltr'><strong><em>τὸν</em></strong></span> <span class='ocrx_word' id='word_1_36' title='bbox 871 964 1046 1030; x_wconf 88' lang='grc' dir='ltr'><strong><em>Παυλίνου</em></strong></span> <span class='ocrx_word' id='word_1_37' title='bbox 1072 964 1188 1029; x_wconf 78' lang='grc' dir='ltr'><strong><em>τεκαὶ</em></strong></span> <span class='ocrx_word' id='word_1_38' title='bbox 1211 963 1284 1027; x_wconf 90' lang='grc' dir='ltr'><strong><em>τῶν</em></strong></span> <span class='ocrx_word' id='word_1_39' title='bbox 1306 956 1426 1029; x_wconf 87' lang='grc' dir='ltr'><strong><em>ἀλλων</em></strong></span> <span class='ocrx_word' id='word_1_40' title='bbox 1448 984 1499 1045; x_wconf 87' lang='grc' dir='ltr'><strong><em>γε·</em></strong></span> 
     </span>
    </p>

    <p class='ocr_par' dir='ltr' id='par_1_3' title="bbox 148 1052 1554 1249">
     <span class='ocr_line' id='line_1_6' title="bbox 148 1052 1554 1150; baseline -0.004 -18"><span class='ocrx_word' id='word_1_41' title='bbox 148 1074 165 1126; x_wconf 78' lang='lat'><strong>5</strong></span> <span class='ocrx_word' id='word_1_42' title='bbox 247 1055 395 1150; x_wconf 83' lang='grc' dir='ltr'><strong><em>νόμενον</em></strong></span> <span class='ocrx_word' id='word_1_43' title='bbox 416 1057 627 1131; x_wconf 88' lang='grc' dir='ltr'><strong><em>διδάσκαλον.</em></strong></span> <span class='ocrx_word' id='word_1_44' title='bbox 663 1056 732 1131; x_wconf 86' lang='grc' dir='ltr'><strong><em>ἀπὸ</em></strong></span> <span class='ocrx_word' id='word_1_45' title='bbox 748 1057 810 1148; x_wconf 83' lang='grc' dir='ltr'><strong><em>γὰρ</em></strong></span> <span class='ocrx_word' id='word_1_46' title='bbox 826 1063 888 1147; x_wconf 85' lang='grc' dir='ltr'><strong><em>τῆς</em></strong></span> <span class='ocrx_word' id='word_1_47' title='bbox 903 1063 1076 1129; x_wconf 90' lang='grc' dir='ltr'><strong><em>Παυλίνου</em></strong></span> <span class='ocrx_word' id='word_1_48' title='bbox 1098 1060 1280 1145; x_wconf 77' lang='grc' dir='ltr'><strong><em>ἐπιστολῆς</em></strong></span> <span class='ocrx_word' id='word_1_49' title='bbox 1302 1052 1321 1127; x_wconf 89' lang='grc' dir='ltr'><strong><em>ό</em></strong></span> <span class='ocrx_word' id='word_1_50' title='bbox 1342 1053 1501 1129; x_wconf 86' lang='grc' dir='ltr'><strong><em>κάκείνου</em></strong></span> <span class='ocrx_word' id='word_1_51' title='bbox 1519 1064 1554 1120; x_wconf 83' lang='grc'><strong><em>18</em></strong></span> 
     </span>
     <span class='ocr_line' id='line_1_7' title="bbox 246 1151 1098 1249; baseline -0.002 -19"><span class='ocrx_word' id='word_1_52' title='bbox 246 1156 449 1242; x_wconf 84' lang='grc' dir='ltr'><strong><em>διδάσκαλος</em></strong></span> <span class='ocrx_word' id='word_1_53' title='bbox 468 1161 617 1249; x_wconf 88' lang='grc' dir='ltr'><strong><em>γεγονῶς</em></strong></span> <span class='ocrx_word' id='word_1_54' title='bbox 638 1151 777 1248; x_wconf 83' lang='grc' dir='ltr'><strong><em>εόδηλος</em></strong></span> <span class='ocrx_word' id='word_1_55' title='bbox 799 1152 923 1247; x_wconf 80' lang='grc' dir='ltr'><strong><em>γένοιτ’</em></strong></span> <span class='ocrx_word' id='word_1_56' title='bbox 947 1155 989 1229; x_wconf 82' lang='grc' dir='ltr'><strong><em>ἀν</em></strong></span> <span class='ocrx_word' id='word_1_57' title='bbox 1012 1153 1098 1247; x_wconf 81' lang='grc' dir='ltr'><strong><em>ἡμῖν.</em></strong></span> 
     </span>
    </p>

    <p class='ocr_par' dir='ltr' id='par_1_4' title="bbox 180 1249 1502 1449">
     <span class='ocr_line' id='line_1_8' title="bbox 180 1249 1502 1349; baseline -0.004 -19"><span class='ocrx_word' id='word_1_58' title='bbox 180 1267 238 1331; x_wconf 84' lang='grc' dir='ltr'><strong><em>καὶ</em></strong></span> <span class='ocrx_word' id='word_1_59' title='bbox 269 1257 396 1349; x_wconf 75' lang='grc' dir='ltr'><strong><em>μεταξύ</em></strong></span> <span class='ocrx_word' id='word_1_60' title='bbox 423 1287 501 1331; x_wconf 91' lang='grc' dir='ltr'><strong><em>τινα</em></strong></span> <span class='ocrx_word' id='word_1_61' title='bbox 530 1259 640 1330; x_wconf 90' lang='grc' dir='ltr'><strong><em>είπῶν</em></strong></span> <span class='ocrx_word' id='word_1_62' title='bbox 670 1257 733 1330; x_wconf 87' lang='grc' dir='ltr'><strong><em>τόν</em></strong></span> <span class='ocrx_word' id='word_1_63' title='bbox 764 1254 872 1329; x_wconf 84' lang='grc' dir='ltr'><strong><em>αότόν</em></strong></span> <span class='ocrx_word' id='word_1_64' title='bbox 903 1249 1004 1339; x_wconf 81' lang='grc' dir='ltr'><strong><em>αὖθις</em></strong></span> <span class='ocrx_word' id='word_1_65' title='bbox 1032 1253 1202 1342; x_wconf 75' lang='grc' dir='ltr'><strong><em>διαβάλλει</em></strong></span> <span class='ocrx_word' id='word_1_66' title='bbox 1229 1253 1277 1340; x_wconf 90' lang='grc' dir='ltr'><strong><em>ῶς</em></strong></span> <span class='ocrx_word' id='word_1_67' title='bbox 1299 1252 1361 1327; x_wconf 85' lang='grc' dir='ltr'><strong><em>οόκ</em></strong></span> <span class='ocrx_word' id='word_1_68' title='bbox 1383 1251 1502 1344; x_wconf 87' lang='grc' dir='ltr'><strong><em>όρθῶς</em></strong></span> 
     </span>
     <span class='ocr_line' id='line_1_9' title="bbox 181 1349 975 1449; baseline -0.005 -18"><span class='ocrx_word' id='word_1_69' title='bbox 181 1355 439 1449; x_wconf 71' lang='grc' dir='ltr'><strong><em>ἀποδεξάμενον</em></strong></span> <span class='ocrx_word' id='word_1_70' title='bbox 460 1357 524 1430; x_wconf 86' lang='grc' dir='ltr'><strong><em>τόν</em></strong></span> <span class='ocrx_word' id='word_1_71' title='bbox 544 1354 705 1448; x_wconf 82' lang='grc' dir='ltr'><strong><em>Ὦριγένη,</em></strong></span> <span class='ocrx_word' id='word_1_72' title='bbox 729 1363 839 1447; x_wconf 87' lang='grc' dir='ltr'><strong><em>λέγων</em></strong></span> <span class='ocrx_word' id='word_1_73' title='bbox 861 1349 975 1440; x_wconf 83' lang='grc' dir='ltr'><strong><em>οότως</em></strong></span> 
     </span>
    </p>

    <p class='ocr_par' dir='ltr' id='par_1_5' title="bbox 246 1450 1502 1548">
     <span class='ocr_line' id='line_1_10' title="bbox 246 1450 1502 1548; baseline -0.004 -19"><span class='ocrx_word' id='word_1_74' title='bbox 246 1463 316 1543; x_wconf 84' lang='lat' dir='ltr'>(Nr.</span> <span class='ocrx_word' id='word_1_75' title='bbox 333 1463 385 1548; x_wconf 76' lang='lat'><strong><em>32)</em></strong></span> <span class='ocrx_word' id='word_1_76' title='bbox 407 1454 469 1528; x_wconf 83' lang='grc' dir='ltr'><strong><em>οόκ</em></strong></span> <span class='ocrx_word' id='word_1_77' title='bbox 484 1453 698 1547; x_wconf 81' lang='grc' dir='ltr'><strong><em>εόαγγελικῆς</em></strong></span> <span class='ocrx_word' id='word_1_78' title='bbox 713 1454 981 1548; x_wconf 82' lang='grc' dir='ltr'><strong><em>όπομιμνὴσκων</em></strong></span> <span class='ocrx_word' id='word_1_79' title='bbox 1001 1461 1213 1538; x_wconf 76' lang='grc' dir='ltr'><strong><em>διδασκαλίας</em></strong></span> <span class='ocrx_word' id='word_1_80' title='bbox 1237 1450 1332 1526; x_wconf 84' lang='grc' dir='ltr'><strong><em>ταῦτ’</em></strong></span> <span class='ocrx_word' id='word_1_81' title='bbox 1354 1457 1502 1545; x_wconf 78' lang='grc' dir='ltr'><strong><em>ἔγραψεν</em></strong></span> 
     </span>
    </p>

    <p class='ocr_par' dir='ltr' id='par_1_6' title="bbox 133 1551 1657 2843">
     <span class='ocr_line' id='line_1_11' title="bbox 133 1551 1501 1647; baseline 0.001 -24"><span class='ocrx_word' id='word_1_82' title='bbox 133 1569 165 1623; x_wconf 89' lang='grc'><strong><em>10</em></strong></span> <span class='ocrx_word' id='word_1_83' title='bbox 245 1566 432 1643; x_wconf 88' lang='grc' dir='ltr'><strong><em>Παυλῖνος,</em></strong></span> <span class='ocrx_word' id='word_1_84' title='bbox 455 1552 637 1647; x_wconf 83' lang='grc' dir='ltr'><strong><em>ὁμολογῶν</em></strong></span> <span class='ocrx_word' id='word_1_85' title='bbox 662 1560 699 1626; x_wconf 82' lang='grc' dir='ltr'><strong><em>δὲ</em></strong></span> <span class='ocrx_word' id='word_1_86' title='bbox 720 1561 855 1639; x_wconf 83' lang='grc' dir='ltr'><strong><em>ένίους</em></strong></span> <span class='ocrx_word' id='word_1_87' title='bbox 877 1563 947 1646; x_wconf 79' lang='grc' dir='ltr'><strong><em>μὲν</em></strong></span> <span class='ocrx_word' id='word_1_88' title='bbox 968 1551 1031 1644; x_wconf 79' lang='grc' dir='ltr'><strong><em>ἀφ&gt;</em></strong></span> <span class='ocrx_word' id='word_1_89' title='bbox 1055 1558 1212 1628; x_wconf 73' lang='grc' dir='ltr'><strong><em>ἑαυτῶν</em></strong></span> <span class='ocrx_word' id='word_1_90' title='bbox 1242 1551 1349 1627; x_wconf 78' lang='grc' dir='ltr'><strong><em>οὕτω</em></strong></span> <span class='ocrx_word' id='word_1_91' title='bbox 1380 1572 1501 1627; x_wconf 85' lang='grc' dir='ltr'><strong><em>κινεῖ·</em></strong></span> 
     </span>
     <span class='ocr_line' id='line_1_12' title="bbox 246 1650 1502 1746; baseline -0.002 -17"><span class='ocrx_word' id='word_1_92' title='bbox 246 1667 358 1741; x_wconf 87' lang='grc' dir='ltr'><strong><em>σθαι,</em></strong></span> <span class='ocrx_word' id='word_1_93' title='bbox 386 1661 517 1740; x_wconf 84' lang='grc' dir='ltr'><strong><em>ένίους</em></strong></span> <span class='ocrx_word' id='word_1_94' title='bbox 547 1662 587 1729; x_wconf 77' lang='grc' dir='ltr'><strong><em>δὲ</em></strong></span> <span class='ocrx_word' id='word_1_95' title='bbox 617 1661 658 1728; x_wconf 76' lang='grc' dir='ltr'><strong><em>ἐκ</em></strong></span> <span class='ocrx_word' id='word_1_96' title='bbox 689 1662 770 1728; x_wconf 88' lang='grc' dir='ltr'><strong><em>τῶν</em></strong></span> <span class='ocrx_word' id='word_1_97' title='bbox 804 1650 1129 1745; x_wconf 90' lang='grc' dir='ltr'><strong><em>ἀναγνωσμάτων</em></strong></span> <span class='ocrx_word' id='word_1_98' title='bbox 1156 1662 1240 1728; x_wconf 89' lang='grc' dir='ltr'><strong><em>τῶν</em></strong></span> <span class='ocrx_word' id='word_1_99' title='bbox 1265 1661 1502 1746; x_wconf 89' lang='grc' dir='ltr'><strong><em>προειρημέ-</em></strong></span> 
     </span>
     <span class='ocr_line' id='line_1_13' title="bbox 248 1748 1552 1846; baseline 0.002 -19"><span class='ocrx_word' id='word_1_100' title='bbox 248 1786 331 1828; x_wconf 91' lang='grc' dir='ltr'><strong><em>νων</em></strong></span> <span class='ocrx_word' id='word_1_101' title='bbox 354 1753 514 1846; x_wconf 91' lang='grc' dir='ltr'><strong><em>ἀνδρῶν</em></strong></span> <span class='ocrx_word' id='word_1_102' title='bbox 536 1764 687 1828; x_wconf 85' lang='grc' dir='ltr'><strong><em>τοῦτον</em></strong></span> <span class='ocrx_word' id='word_1_103' title='bbox 709 1748 829 1845; x_wconf 80' lang='grc' dir='ltr'><strong><em>ἦχθαι</em></strong></span> <span class='ocrx_word' id='word_1_104' title='bbox 851 1756 924 1829; x_wconf 87' lang='grc' dir='ltr'><strong><em>τόν</em></strong></span> <span class='ocrx_word' id='word_1_105' title='bbox 945 1753 1109 1843; x_wconf 87' lang='grc' dir='ltr'><strong><em>τρόπον.</em></strong></span> <span class='ocrx_word' id='word_1_106' title='bbox 1152 1759 1225 1829; x_wconf 80' lang='grc' dir='ltr'><strong><em>εἶτα</em></strong></span> <span class='ocrx_word' id='word_1_107' title='bbox 1247 1765 1360 1840; x_wconf 82' lang='grc' dir='ltr'><strong><em>τέλος,</em></strong></span> <span class='ocrx_word' id='word_1_108' title='bbox 1384 1753 1499 1844; x_wconf 84' lang='grc' dir='ltr'><strong><em>ῶσπερ</em></strong></span> <span class='ocrx_word' id='word_1_109' title='bbox 1518 1773 1552 1829; x_wconf 82' lang='grc'><strong><em>19</em></strong></span> 
     </span>
     <span class='ocr_line' id='line_1_14' title="bbox 247 1852 1501 1946; baseline -0.002 -19"><span class='ocrx_word' id='word_1_110' title='bbox 247 1856 328 1929; x_wconf 82' lang='grc' dir='ltr'><strong><em>τινὰ</em></strong></span> <span class='ocrx_word' id='word_1_111' title='bbox 349 1862 521 1946; x_wconf 76' lang='grc' dir='ltr'><strong><em>κορωνίδα</em></strong></span> <span class='ocrx_word' id='word_1_112' title='bbox 548 1863 610 1946; x_wconf 84' lang='grc' dir='ltr'><strong><em>τῆς</em></strong></span> <span class='ocrx_word' id='word_1_113' title='bbox 632 1853 838 1941; x_wconf 78' lang='grc' dir='ltr'><strong><em>ἀποδείξεως</em></strong></span> <span class='ocrx_word' id='word_1_114' title='bbox 862 1852 1009 1944; x_wconf 85' lang='grc' dir='ltr'><strong><em>έπάγων,</em></strong></span> <span class='ocrx_word' id='word_1_115' title='bbox 1031 1860 1069 1927; x_wconf 84' lang='grc' dir='ltr'><strong><em>έκ</em></strong></span> <span class='ocrx_word' id='word_1_116' title='bbox 1084 1864 1159 1927; x_wconf 90' lang='grc' dir='ltr'><strong><em>τῶν</em></strong></span> <span class='ocrx_word' id='word_1_117' title='bbox 1179 1852 1367 1945; x_wconf 76' lang='grc' dir='ltr'><strong><em>Ὠριγένους</em></strong></span> <span class='ocrx_word' id='word_1_118' title='bbox 1383 1857 1501 1944; x_wconf 79' lang='grc' dir='ltr'><strong><em>ῥητῶν</em></strong></span> 
     </span>
     <span class='ocr_line' id='line_1_15' title="bbox 247 1951 1657 2045; baseline -0.005 -19"><span class='ocrx_word' id='word_1_119' title='bbox 247 1963 292 2045; x_wconf 77' lang='grc' dir='ltr'><strong><em>τῇ</em></strong></span> <span class='ocrx_word' id='word_1_120' title='bbox 320 1965 324 2043; x_wconf 69' lang='grc' dir='ltr'><strong><em>ί</em></strong></span> <span class='ocrx_word' id='word_1_121' title='bbox 354 1956 477 2027; x_wconf 74' lang='grc' dir='ltr'><strong><em>ἑαυτοῦ</em></strong></span> <span class='ocrx_word' id='word_1_122' title='bbox 506 1952 702 2045; x_wconf 75' lang='grc' dir='ltr'><strong><em>ἀπέγραφεν</em></strong></span> <span class='ocrx_word' id='word_1_123' title='bbox 729 1958 906 2044; x_wconf 78' lang='grc' dir='ltr'><strong><em>ἐπιστολῇ,</em></strong></span> <span class='ocrx_word' id='word_1_124' title='bbox 939 1951 987 2038; x_wconf 90' lang='grc' dir='ltr'><strong><em>ῶς</em></strong></span> <span class='ocrx_word' id='word_1_125' title='bbox 1012 1961 1145 2045; x_wconf 81' lang='grc' dir='ltr'><strong><em>μᾶλλον</em></strong></span> <span class='ocrx_word' id='word_1_126' title='bbox 1174 1974 1285 2029; x_wconf 89' lang='grc' dir='ltr'><strong><em>πεῖσαι</em></strong></span> <span class='ocrx_word' id='word_1_127' title='bbox 1312 1961 1501 2044; x_wconf 83' lang='grc' dir='ltr'><strong><em>δυναμένου</em></strong></span> <span class='ocrx_word' id='word_1_128' title='bbox 1520 1962 1560 2019; x_wconf 75' lang='lat'><strong><em>22</em></strong></span> <span class='ocrx_word' id='word_1_129' title='bbox 1651 1964 1657 1987; x_wconf 67' lang='lat'>¹</span> 
     </span>
     <span class='ocr_line' id='line_1_16' title="bbox 245 2050 1502 2146; baseline -0.001 -20"><span class='ocrx_word' id='word_1_130' title='bbox 245 2055 341 2143; x_wconf 82' lang='grc' dir='ltr'><strong><em>παρὰ</em></strong></span> <span class='ocrx_word' id='word_1_131' title='bbox 368 2055 450 2138; x_wconf 87' lang='grc' dir='ltr'><strong><em>τούς</em></strong></span> <span class='ocrx_word' id='word_1_132' title='bbox 471 2052 707 2146; x_wconf 72' lang='grc' dir='ltr'><strong><em>εὐαγγελιστάς</em></strong></span> <span class='ocrx_word' id='word_1_133' title='bbox 726 2061 783 2126; x_wconf 81' lang='grc' dir='ltr'><strong><em>καί</em></strong></span> <span class='ocrx_word' id='word_1_134' title='bbox 806 2054 887 2138; x_wconf 83' lang='grc' dir='ltr'><strong><em>τούς</em></strong></span> <span class='ocrx_word' id='word_1_135' title='bbox 909 2050 1134 2138; x_wconf 79' lang='grc' dir='ltr'><strong><em>ἀποστόλους.</em></strong></span> <span class='ocrx_word' id='word_1_136' title='bbox 1177 2058 1269 2127; x_wconf 76' lang='grc' dir='ltr'><strong><em>ἔστιν</em></strong></span> <span class='ocrx_word' id='word_1_137' title='bbox 1291 2060 1327 2127; x_wconf 77' lang='grc' dir='ltr'><strong><em>δὲ</em></strong></span> <span class='ocrx_word' id='word_1_138' title='bbox 1349 2055 1393 2127; x_wconf 84' lang='grc' dir='ltr'><strong><em>τὰ</em></strong></span> <span class='ocrx_word' id='word_1_139' title='bbox 1415 2053 1502 2143; x_wconf 82' lang='grc' dir='ltr'><strong><em>ῥητά</em></strong></span> 
     </span>
     <span class='ocr_line' id='line_1_17' title="bbox 247 2150 1504 2244; baseline -0.002 -19"><span class='ocrx_word' id='word_1_140' title='bbox 247 2160 378 2225; x_wconf 87' lang='grc' dir='ltr'><strong><em>ταῦτα·</em></strong></span> <span class='ocrx_word' id='word_1_141' title='bbox 402 2152 484 2244; x_wconf 87' lang='grc' dir='ltr'><strong><em>ῶρα</em></strong></span> <span class='ocrx_word' id='word_1_142' title='bbox 499 2151 806 2238; x_wconf 85' lang='grc' dir='ltr'><strong><em>έπαναλαβόντα</em></strong></span> <span class='ocrx_word' id='word_1_143' title='bbox 821 2160 910 2243; x_wconf 82' lang='grc' dir='ltr'><strong><em>περὶ</em></strong></span> <span class='ocrx_word' id='word_1_144' title='bbox 933 2153 1085 2242; x_wconf 86' lang='grc' dir='ltr'><strong><em>πατρός</em></strong></span> <span class='ocrx_word' id='word_1_145' title='bbox 1106 2163 1171 2227; x_wconf 84' lang='grc' dir='ltr'><strong><em>καὶ</em></strong></span> <span class='ocrx_word' id='word_1_146' title='bbox 1191 2159 1281 2227; x_wconf 83' lang='grc' dir='ltr'><strong><em>νίοῦ</em></strong></span> <span class='ocrx_word' id='word_1_147' title='bbox 1302 2162 1366 2227; x_wconf 84' lang='grc' dir='ltr'><strong><em>καὶ</em></strong></span> <span class='ocrx_word' id='word_1_148' title='bbox 1389 2150 1504 2244; x_wconf 84' lang='grc' dir='ltr'><strong><em>άγίου</em></strong></span> 
     </span>
     <span class='ocr_line' id='line_1_18' title="bbox 244 2250 1503 2345; baseline -0.004 -19"><span class='ocrx_word' id='word_1_149' title='bbox 244 2251 491 2345; x_wconf 82' lang='grc' dir='ltr'><strong><em>πνεύματος,</em></strong></span> <span class='ocrx_word' id='word_1_150' title='bbox 515 2250 631 2345; x_wconf 87' lang='grc' dir='ltr'><strong><em>όλίγα</em></strong></span> <span class='ocrx_word' id='word_1_151' title='bbox 646 2263 728 2327; x_wconf 92' lang='grc' dir='ltr'><strong><em>τῶν</em></strong></span> <span class='ocrx_word' id='word_1_152' title='bbox 750 2252 845 2327; x_wconf 87' lang='grc' dir='ltr'><strong><em>τότε</em></strong></span> <span class='ocrx_word' id='word_1_153' title='bbox 866 2260 1250 2344; x_wconf 79' lang='grc' dir='ltr'><strong><em>παραλελειμμένων</em></strong></span> <span class='ocrx_word' id='word_1_154' title='bbox 1267 2261 1503 2340; x_wconf 77' lang='grc' dir='ltr'><strong><em>διεξελθεῖν·</em></strong></span> 
     </span>
     <span class='ocr_line' id='line_1_19' title="bbox 245 2345 1504 2444; baseline -0.002 -20"><span class='ocrx_word' id='word_1_155' title='bbox 245 2359 338 2442; x_wconf 84' lang='grc' dir='ltr'><strong><em>περὶ</em></strong></span> <span class='ocrx_word' id='word_1_156' title='bbox 355 2352 506 2443; x_wconf 86' lang='grc' dir='ltr'><strong><em>πατρὸς</em></strong></span> <span class='ocrx_word' id='word_1_157' title='bbox 522 2351 574 2437; x_wconf 88' lang='grc' dir='ltr'><strong><em>ῶς</em></strong></span> <span class='ocrx_word' id='word_1_158' title='bbox 590 2351 816 2444; x_wconf 88' lang='grc' dir='ltr'><strong><em>ἀδιαίρετος</em></strong></span> <span class='ocrx_word' id='word_1_159' title='bbox 830 2345 887 2425; x_wconf 80' lang='grc' dir='ltr'><strong><em>ῶν</em></strong></span> <span class='ocrx_word' id='word_1_160' title='bbox 900 2359 963 2424; x_wconf 83' lang='grc' dir='ltr'><strong><em>καὶ</em></strong></span> <span class='ocrx_word' id='word_1_161' title='bbox 981 2350 1193 2444; x_wconf 88' lang='grc' dir='ltr'><strong><em>ἀμέριστος</em></strong></span> <span class='ocrx_word' id='word_1_162' title='bbox 1213 2358 1303 2427; x_wconf 84' lang='grc' dir='ltr'><strong><em>υίσῦ</em></strong></span> <span class='ocrx_word' id='word_1_163' title='bbox 1325 2361 1504 2442; x_wconf 89' lang='grc' dir='ltr'><strong><em>γίγνεται</em></strong></span> 
     </span>
     <span class='ocr_line' id='line_1_20' title="bbox 245 2447 1555 2542; baseline 0 -18"><span class='ocrx_word' id='word_1_164' title='bbox 245 2448 392 2541; x_wconf 83' lang='grc' dir='ltr'><strong><em>πατήρ,</em></strong></span> <span class='ocrx_word' id='word_1_165' title='bbox 415 2449 456 2525; x_wconf 86' lang='grc' dir='ltr'><strong><em>οό</em></strong></span> <span class='ocrx_word' id='word_1_166' title='bbox 476 2456 691 2541; x_wconf 85' lang='grc' dir='ltr'><strong><em>προβαλῶν</em></strong></span> <span class='ocrx_word' id='word_1_167' title='bbox 713 2450 850 2537; x_wconf 83' lang='grc' dir='ltr'><strong><em>αότόν,</em></strong></span> <span class='ocrx_word' id='word_1_168' title='bbox 874 2450 927 2537; x_wconf 91' lang='grc' dir='ltr'><strong><em>ῶς</em></strong></span> <span class='ocrx_word' id='word_1_169' title='bbox 942 2457 1101 2525; x_wconf 88' lang='grc' dir='ltr'><strong><em>οίονταί</em></strong></span> <span class='ocrx_word' id='word_1_170' title='bbox 1122 2482 1237 2537; x_wconf 91' lang='grc' dir='ltr'><strong><em>τινες.</em></strong></span> <span class='ocrx_word' id='word_1_171' title='bbox 1268 2458 1301 2523; x_wconf 88' lang='grc' dir='ltr'><strong><em>εί</em></strong></span> <span class='ocrx_word' id='word_1_172' title='bbox 1321 2452 1393 2542; x_wconf 85' lang='grc' dir='ltr'><strong><em>γὰρ</em></strong></span> <span class='ocrx_word' id='word_1_173' title='bbox 1408 2447 1502 2539; x_wconf 90' lang='grc' dir='ltr'><strong><em>πρό·</em></strong></span> <span class='ocrx_word' id='word_1_174' title='bbox 1519 2469 1555 2524; x_wconf 84' lang='grc'><strong><em>20</em></strong></span> 
     </span>
     <span class='ocr_line' id='line_1_21' title="bbox 245 2548 1499 2641; baseline -0.001 -17"><span class='ocrx_word' id='word_1_175' title='bbox 245 2550 374 2641; x_wconf 89' lang='grc' dir='ltr'><strong><em>βλημά</em></strong></span> <span class='ocrx_word' id='word_1_176' title='bbox 402 2556 511 2624; x_wconf 82' lang='grc' dir='ltr'><strong><em>ἐστιν</em></strong></span> <span class='ocrx_word' id='word_1_177' title='bbox 541 2548 560 2624; x_wconf 88' lang='grc' dir='ltr'><strong><em>ό</em></strong></span> <span class='ocrx_word' id='word_1_178' title='bbox 591 2553 675 2636; x_wconf 75' lang='grc' dir='ltr'><strong><em>υἱός</em></strong></span> <span class='ocrx_word' id='word_1_179' title='bbox 705 2559 777 2625; x_wconf 88' lang='grc' dir='ltr'><strong><em>τοῦ</em></strong></span> <span class='ocrx_word' id='word_1_180' title='bbox 806 2551 959 2641; x_wconf 83' lang='grc' dir='ltr'><strong><em>πατρὸς</em></strong></span> <span class='ocrx_word' id='word_1_181' title='bbox 992 2558 1056 2625; x_wconf 85' lang='grc' dir='ltr'><strong><em>καὶ</em></strong></span> <span class='ocrx_word' id='word_1_182' title='bbox 1086 2559 1259 2641; x_wconf 77' lang='grc' dir='ltr'><strong><em>γέννημα</em></strong></span> <span class='ocrx_word' id='word_1_183' title='bbox 1290 2557 1330 2638; x_wconf 76' lang='grc' dir='ltr'><strong><em>ἐξ</em></strong></span> <span class='ocrx_word' id='word_1_184' title='bbox 1362 2548 1499 2635; x_wconf 75' lang='grc' dir='ltr'><strong><em>αὐτοῦ,</em></strong></span> 
     </span>
     <span class='ocr_line' id='line_1_22' title="bbox 245 2647 1499 2743; baseline -0.003 -20"><span class='ocrx_word' id='word_1_185' title='bbox 245 2647 368 2723; x_wconf 83' lang='grc' dir='ltr'><strong><em>ὁποῖα</em></strong></span> <span class='ocrx_word' id='word_1_186' title='bbox 390 2650 436 2723; x_wconf 84' lang='grc' dir='ltr'><strong><em>τὰ</em></strong></span> <span class='ocrx_word' id='word_1_187' title='bbox 459 2660 541 2724; x_wconf 90' lang='grc' dir='ltr'><strong><em>τῶν</em></strong></span> <span class='ocrx_word' id='word_1_188' title='bbox 563 2651 677 2742; x_wconf 77' lang='grc' dir='ltr'><strong><em>ζῴων</em></strong></span> <span class='ocrx_word' id='word_1_189' title='bbox 703 2651 942 2743; x_wconf 81' lang='grc' dir='ltr'><strong><em>γεννήματα,</em></strong></span> <span class='ocrx_word' id='word_1_190' title='bbox 975 2648 1125 2742; x_wconf 79' lang='grc' dir='ltr'><strong><em>ἀνάγκη</em></strong></span> <span class='ocrx_word' id='word_1_191' title='bbox 1155 2659 1265 2740; x_wconf 90' lang='grc' dir='ltr'><strong><em>σῶμα</em></strong></span> <span class='ocrx_word' id='word_1_192' title='bbox 1295 2653 1397 2722; x_wconf 80' lang='grc' dir='ltr'><strong><em>εἶναι</em></strong></span> <span class='ocrx_word' id='word_1_193' title='bbox 1426 2650 1499 2722; x_wconf 86' lang='grc' dir='ltr'><strong><em>τόν</em></strong></span> 
     </span>
     <span class='ocr_line' id='line_1_23' title="bbox 243 2747 1037 2843; baseline 0.004 -22"><span class='ocrx_word' id='word_1_194' title='bbox 243 2747 501 2838; x_wconf 87' lang='grc' dir='ltr'><strong><em>προβαλόντα</em></strong></span> <span class='ocrx_word' id='word_1_195' title='bbox 522 2759 587 2823; x_wconf 84' lang='grc' dir='ltr'><strong><em>καλ</em></strong></span> <span class='ocrx_word' id='word_1_196' title='bbox 609 2753 682 2826; x_wconf 89' lang='grc' dir='ltr'><strong><em>τὸν</em></strong></span> <span class='ocrx_word' id='word_1_197' title='bbox 702 2760 1037 2843; x_wconf 84' lang='grc' dir='ltr'><strong><em>προβεβλημένον.</em></strong></span> 
     </span>
    </p>
   </div>
   <div class='ocr_carea' id='block_1_3' title="bbox 132 2846 1551 3141">
    <p class='ocr_par' dir='ltr' id='par_1_7' title="bbox 132 2846 1551 3141">
     <span class='ocr_line' id='line_1_24' title="bbox 181 2846 1551 2943; baseline 0 -24"><span class='ocrx_word' id='word_1_198' title='bbox 181 2846 247 2921; x_wconf 78' lang='grc' dir='ltr'><strong><em>εἶθ’</em></strong></span> <span class='ocrx_word' id='word_1_199' title='bbox 265 2851 341 2940; x_wconf 75' lang='grc' dir='ltr'><strong><em>ἑξῆς</em></strong></span> <span class='ocrx_word' id='word_1_200' title='bbox 362 2849 447 2940; x_wconf 85' lang='grc' dir='ltr'><strong><em>μετά</em></strong></span> <span class='ocrx_word' id='word_1_201' title='bbox 463 2850 527 2940; x_wconf 81' lang='grc' dir='ltr'><strong><em>τὴν</em></strong></span> <span class='ocrx_word' id='word_1_202' title='bbox 549 2860 623 2924; x_wconf 92' lang='grc' dir='ltr'><strong><em>τῶν</em></strong></span> <span class='ocrx_word' id='word_1_203' title='bbox 636 2849 848 2943; x_wconf 81' lang='grc' dir='ltr'><strong><em>Ὦριγενειῶν</em></strong></span> <span class='ocrx_word' id='word_1_204' title='bbox 867 2858 1000 2938; x_wconf 92' lang='grc' dir='ltr'><strong><em>φωνῶν</em></strong></span> <span class='ocrx_word' id='word_1_205' title='bbox 1013 2848 1205 2938; x_wconf 86' lang='grc' dir='ltr'><strong><em>παράθεσιν</em></strong></span> <span class='ocrx_word' id='word_1_206' title='bbox 1220 2854 1372 2937; x_wconf 75' lang='grc' dir='ltr'><strong><em>ἐπιφέρει</em></strong></span> <span class='ocrx_word' id='word_1_207' title='bbox 1386 2858 1497 2938; x_wconf 89' lang='grc' dir='ltr'><strong><em>λέγων</em></strong></span> <span class='ocrx_word' id='word_1_208' title='bbox 1514 2866 1551 2923; x_wconf 83' lang='grc'><strong><em>21</em></strong></span> 
     </span>
     <span class='ocr_line' id='line_1_25' title="bbox 246 2947 1497 3043; baseline 0.002 -23"><span class='ocrx_word' id='word_1_209' title='bbox 246 2954 317 3038; x_wconf 86' lang='lat' dir='ltr'><strong>(Nr.</strong></span> <span class='ocrx_word' id='word_1_210' title='bbox 340 2956 392 3037; x_wconf 81' lang='lat'><strong><em>32)</em></strong></span> <span class='ocrx_word' id='word_1_211' title='bbox 419 2957 527 3023; x_wconf 84' lang='grc' dir='ltr'><strong><em>ταῦτα</em></strong></span> <span class='ocrx_word' id='word_1_212' title='bbox 548 2947 716 3043; x_wconf 81' lang='grc' dir='ltr'><strong><em>Ὦριγένης</em></strong></span> <span class='ocrx_word' id='word_1_213' title='bbox 732 2959 907 3041; x_wconf 82' lang='grc' dir='ltr'><strong><em>γέγραφεν,</em></strong></span> <span class='ocrx_word' id='word_1_214' title='bbox 929 2949 974 3041; x_wconf 85' lang='grc' dir='ltr'><strong><em>μὴ</em></strong></span> <span class='ocrx_word' id='word_1_215' title='bbox 988 2950 1082 3039; x_wconf 83' lang='grc' dir='ltr'><strong><em>παρὰ</em></strong></span> <span class='ocrx_word' id='word_1_216' title='bbox 1097 2957 1171 3022; x_wconf 91' lang='grc' dir='ltr'><strong><em>τῶν</em></strong></span> <span class='ocrx_word' id='word_1_217' title='bbox 1186 2953 1289 3040; x_wconf 75' lang='grc' dir='ltr'><strong><em>ἱερῶν</em></strong></span> <span class='ocrx_word' id='word_1_218' title='bbox 1302 2958 1497 3039; x_wconf 88' lang='grc' dir='ltr'><strong><em>προφητῶν</em></strong></span> 
     </span>
     <span class='ocr_line' id='line_1_26' title="bbox 132 3046 1503 3141; baseline 0.003 -24"><span class='ocrx_word' id='word_1_219' title='bbox 132 3064 164 3118; x_wconf 74' lang='lat'><strong><em>25</em></strong></span> <span class='ocrx_word' id='word_1_220' title='bbox 247 3077 286 3120; x_wconf 91' lang='grc' dir='ltr'><strong><em>τε</em></strong></span> <span class='ocrx_word' id='word_1_221' title='bbox 308 3055 364 3121; x_wconf 81' lang='grc' dir='ltr'><strong><em>καὶ</em></strong></span> <span class='ocrx_word' id='word_1_222' title='bbox 389 3046 596 3122; x_wconf 85' lang='grc' dir='ltr'><strong><em>ἀποστόλων</em></strong></span> <span class='ocrx_word' id='word_1_223' title='bbox 618 3059 695 3141; x_wconf 79' lang='grc' dir='ltr'><strong><em>περὶ</em></strong></span> <span class='ocrx_word' id='word_1_224' title='bbox 718 3058 780 3141; x_wconf 83' lang='grc' dir='ltr'><strong><em>τῆς</em></strong></span> <span class='ocrx_word' id='word_1_225' title='bbox 802 3048 997 3140; x_wconf 87' lang='grc' dir='ltr'><strong><em>ἀιδιότητος</em></strong></span> <span class='ocrx_word' id='word_1_226' title='bbox 1024 3056 1088 3122; x_wconf 83' lang='grc' dir='ltr'><strong><em>τοῦ</em></strong></span> <span class='ocrx_word' id='word_1_227' title='bbox 1110 3047 1215 3140; x_wconf 91' lang='grc' dir='ltr'><strong><em>λόγου</em></strong></span> <span class='ocrx_word' id='word_1_228' title='bbox 1236 3062 1360 3139; x_wconf 87' lang='grc' dir='ltr'><strong><em>μαθεῖν</em></strong></span> <span class='ocrx_word' id='word_1_229' title='bbox 1381 3060 1503 3139; x_wconf 86' lang='grc' dir='ltr'><strong><em>βουλη·</em></strong></span> 
     </span>
    </p>
   </div>
   <div class='ocr_carea' id='block_1_4' title="bbox 184 3267 1506 4253">
    <p class='ocr_par' dir='ltr' id='par_1_8' title="bbox 184 3267 1506 4253">
     <span class='ocr_line' id='line_1_27' title="bbox 275 3267 1440 3343; baseline -0.003 -16"><span class='ocrx_word' id='word_1_230' title='bbox 275 3270 368 3341; x_wconf 74' lang='lat' dir='ltr'><strong><em>⁸ng</em></strong></span> <span class='ocrx_word' id='word_1_231' title='bbox 379 3267 428 3325; x_wconf 84' lang='lat' dir='ltr'><strong><em>Nr.</em></strong></span> <span class='ocrx_word' id='word_1_232' title='bbox 441 3274 523 3327; x_wconf 82' lang='lat'><strong><em>76-</em></strong></span> <span class='ocrx_word' id='word_1_233' title='bbox 544 3272 688 3343; x_wconf 67' lang='lat' dir='ltr'>lssffvgl.</span> <span class='ocrx_word' id='word_1_234' title='bbox 701 3272 834 3343; x_wconf 71' lang='lat' dir='ltr'>Origenes</span> <span class='ocrx_word' id='word_1_235' title='bbox 851 3271 886 3327; x_wconf 88' lang='lat' dir='ltr'><strong><em>de</em></strong></span> <span class='ocrx_word' id='word_1_236' title='bbox 903 3271 989 3343; x_wconf 65' lang='lat' dir='ltr'>princ„</span> <span class='ocrx_word' id='word_1_237' title='bbox 1002 3271 1048 3337; x_wconf 85' lang='lat' dir='ltr'><strong><em>IV,</em></strong></span> <span class='ocrx_word' id='word_1_238' title='bbox 1062 3272 1140 3337; x_wconf 79' lang='lat'>1,‘28:</span> <span class='ocrx_word' id='word_1_239' title='bbox 1159 3274 1267 3341; x_wconf 75' lang='lat' dir='ltr'>tempus</span> <span class='ocrx_word' id='word_1_240' title='bbox 1285 3276 1379 3326; x_wconf 78' lang='lat' dir='ltr'>eutem</span> <span class='ocrx_word' id='word_1_241' title='bbox 1396 3274 1440 3325; x_wconf 79' lang='lat' dir='ltr'><strong><em>eet</em></strong></span> 
     </span>
     <span class='ocr_line' id='line_1_28' title="bbox 186 3370 1502 3445; baseline 0.002 -20"><span class='ocrx_word' id='word_1_242' title='bbox 186 3370 369 3443; x_wconf 69' lang='lat' dir='ltr'><strong><em>recapitulare</em></strong></span> <span class='ocrx_word' id='word_1_243' title='bbox 393 3371 516 3443; x_wconf 70' lang='lat' dir='ltr'>singule,</span> <span class='ocrx_word' id='word_1_244' title='bbox 543 3376 572 3429; x_wconf 80' lang='lat' dir='ltr'><strong><em>et</em></strong></span> <span class='ocrx_word' id='word_1_245' title='bbox 593 3373 682 3445; x_wconf 86' lang='lat' dir='ltr'>primo</span> <span class='ocrx_word' id='word_1_246' title='bbox 709 3373 831 3430; x_wconf 86' lang='lat' dir='ltr'><strong>omnium</strong></span> <span class='ocrx_word' id='word_1_247' title='bbox 854 3372 889 3428; x_wconf 82' lang='lat' dir='ltr'><strong><em>de</em></strong></span> <span class='ocrx_word' id='word_1_248' title='bbox 922 3376 999 3444; x_wconf 79' lang='lat' dir='ltr'>petre</span> <span class='ocrx_word' id='word_1_249' title='bbox 1024 3375 1053 3427; x_wconf 79' lang='lat' dir='ltr'><strong><em>et</em></strong></span> <span class='ocrx_word' id='word_1_250' title='bbox 1078 3371 1136 3427; x_wconf 83' lang='lat' dir='ltr'><strong>filio</strong></span> <span class='ocrx_word' id='word_1_251' title='bbox 1155 3373 1183 3426; x_wconf 79' lang='lat' dir='ltr'><strong><em>et</em></strong></span> <span class='ocrx_word' id='word_1_252' title='bbox 1199 3370 1297 3442; x_wconf 74' lang='lat' dir='ltr'><strong>spiritu</strong></span> <span class='ocrx_word' id='word_1_253' title='bbox 1314 3376 1410 3428; x_wconf 76' lang='lat' dir='ltr'>saneto</span> <span class='ocrx_word' id='word_1_254' title='bbox 1428 3389 1502 3444; x_wconf 79' lang='lat' dir='ltr'>repe</span> 
     </span>
     <span class='ocr_line' id='line_1_29' title="bbox 186 3472 1505 3544; baseline 0 -15"><span class='ocrx_word' id='word_1_255' title='bbox 186 3476 256 3529; x_wconf 78' lang='lat' dir='ltr'>tere.</span> <span class='ocrx_word' id='word_1_256' title='bbox 307 3472 373 3528; x_wconf 83' lang='lat' dir='ltr'>dene</span> <span class='ocrx_word' id='word_1_257' title='bbox 403 3476 482 3543; x_wconf 79' lang='lat' dir='ltr'>peter</span> <span class='ocrx_word' id='word_1_258' title='bbox 513 3491 575 3530; x_wconf 83' lang='lat' dir='ltr'><strong><em>eum</em></strong></span> <span class='ocrx_word' id='word_1_259' title='bbox 610 3476 646 3530; x_wconf 79' lang='lat' dir='ltr'><strong><em>eit</em></strong></span> <span class='ocrx_word' id='word_1_260' title='bbox 671 3474 818 3531; x_wconf 73' lang='lat' dir='ltr'>inuisibilis</span> <span class='ocrx_word' id='word_1_261' title='bbox 849 3474 876 3542; x_wconf 76' lang='lat'><strong><em>(1.</em></strong></span> <span class='ocrx_word' id='word_1_262' title='bbox 898 3473 1083 3541; x_wconf 80' lang='lat' dir='ltr'>indiuieibilie)</span> <span class='ocrx_word' id='word_1_263' title='bbox 1118 3476 1147 3528; x_wconf 79' lang='lat' dir='ltr'><strong><em>et</em></strong></span> <span class='ocrx_word' id='word_1_264' title='bbox 1176 3473 1367 3544; x_wconf 72' lang='lat' dir='ltr'>inseparabilis</span> <span class='ocrx_word' id='word_1_265' title='bbox 1396 3493 1414 3530; x_wconf 85' lang='grc' dir='ltr'><strong><em>ε</em></strong></span> <span class='ocrx_word' id='word_1_266' title='bbox 1438 3474 1505 3544; x_wconf 80' lang='lat' dir='ltr'>filio,</span> 
     </span>
     <span class='ocr_line' id='line_1_30' title="bbox 184 3574 1504 3648; baseline 0.003 -21"><span class='ocrx_word' id='word_1_267' title='bbox 184 3591 243 3630; x_wconf 87' lang='lat' dir='ltr'><strong><em>nou</em></strong></span> <span class='ocrx_word' id='word_1_268' title='bbox 270 3589 320 3646; x_wconf 88' lang='lat' dir='ltr'><strong><em>per</em></strong></span> <span class='ocrx_word' id='word_1_269' title='bbox 344 3574 528 3645; x_wconf 75' lang='lat' dir='ltr'><strong>prolationem</strong></span> <span class='ocrx_word' id='word_1_270' title='bbox 551 3575 587 3630; x_wconf 86' lang='lat' dir='ltr'><strong><em>eb</em></strong></span> <span class='ocrx_word' id='word_1_271' title='bbox 605 3592 650 3641; x_wconf 86' lang='lat' dir='ltr'><strong><em>eo,</em></strong></span> <span class='ocrx_word' id='word_1_272' title='bbox 667 3579 699 3631; x_wconf 80' lang='lat' dir='ltr'><strong><em>ut</em></strong></span> <span class='ocrx_word' id='word_1_273' title='bbox 717 3576 830 3646; x_wconf 83' lang='lat' dir='ltr'>quidem</span> <span class='ocrx_word' id='word_1_274' title='bbox 847 3577 955 3648; x_wconf 71' lang='lat' dir='ltr'>putent,</span> <span class='ocrx_word' id='word_1_275' title='bbox 973 3577 1121 3647; x_wconf 74' lang='lat' dir='ltr'>generatus</span> <span class='ocrx_word' id='word_1_276' title='bbox 1138 3577 1180 3630; x_wconf 77' lang='lat' dir='ltr'><strong><em>eet</em></strong></span> <span class='ocrx_word' id='word_1_277' title='bbox 1196 3574 1277 3630; x_wconf 83' lang='lat' dir='ltr'><strong>filius.</strong></span> <span class='ocrx_word' id='word_1_278' title='bbox 1312 3574 1427 3631; x_wconf 76' lang='lat' dir='ltr'>sienim</span> <span class='ocrx_word' id='word_1_279' title='bbox 1444 3592 1504 3646; x_wconf 88' lang='lat' dir='ltr'>pro·</span> 
     </span>
     <span class='ocr_line' id='line_1_31' title="bbox 185 3675 1505 3748; baseline 0.002 -19"><span class='ocrx_word' id='word_1_280' title='bbox 185 3676 258 3731; x_wconf 75' lang='lat' dir='ltr'><strong>latio</strong></span> <span class='ocrx_word' id='word_1_281' title='bbox 287 3678 329 3731; x_wconf 82' lang='lat' dir='ltr'><strong><em>eet</em></strong></span> <span class='ocrx_word' id='word_1_282' title='bbox 353 3675 427 3730; x_wconf 78' lang='lat' dir='ltr'>filius</span> <span class='ocrx_word' id='word_1_283' title='bbox 448 3677 547 3747; x_wconf 73' lang='lat' dir='ltr'>petris,</span> <span class='ocrx_word' id='word_1_284' title='bbox 573 3676 690 3747; x_wconf 77' lang='lat' dir='ltr'>prolatio</span> <span class='ocrx_word' id='word_1_285' title='bbox 713 3694 779 3733; x_wconf 85' lang='lat' dir='ltr'>uero</span> <span class='ocrx_word' id='word_1_286' title='bbox 801 3677 914 3741; x_wconf 79' lang='lat' dir='ltr'>dieitur,</span> <span class='ocrx_word' id='word_1_287' title='bbox 942 3693 1013 3747; x_wconf 73' lang='lat' dir='ltr'>quae</span> <span class='ocrx_word' id='word_1_288' title='bbox 1030 3676 1117 3731; x_wconf 80' lang='lat' dir='ltr'>telem</span> <span class='ocrx_word' id='word_1_289' title='bbox 1135 3676 1274 3746; x_wconf 76' lang='lat' dir='ltr'>significet</span> <span class='ocrx_word' id='word_1_290' title='bbox 1291 3676 1505 3748; x_wconf 74' lang='lat' dir='ltr'>generationem,</span> 
     </span>
     <span class='ocr_line' id='line_1_32' title="bbox 187 3775 1504 3850; baseline -0.002 -17"><span class='ocrx_word' id='word_1_291' title='bbox 187 3777 280 3847; x_wconf 70' lang='lat' dir='ltr'><strong>qualis</strong></span> <span class='ocrx_word' id='word_1_292' title='bbox 299 3775 461 3832; x_wconf 70' lang='lat' dir='ltr'><strong>animalium</strong></span> <span class='ocrx_word' id='word_1_293' title='bbox 479 3777 525 3833; x_wconf 82' lang='lat' dir='ltr'><strong><em>uel</em></strong></span> <span class='ocrx_word' id='word_1_294' title='bbox 541 3778 686 3833; x_wconf 86' lang='lat' dir='ltr'><strong>hominum</strong></span> <span class='ocrx_word' id='word_1_295' title='bbox 704 3778 775 3834; x_wconf 75' lang='lat' dir='ltr'>solet</span> <span class='ocrx_word' id='word_1_296' title='bbox 792 3796 850 3835; x_wconf 76' lang='lat' dir='ltr'>esee</span> <span class='ocrx_word' id='word_1_297' title='bbox 869 3778 1021 3850; x_wconf 76' lang='lat' dir='ltr'>progenies,</span> <span class='ocrx_word' id='word_1_298' title='bbox 1039 3775 1192 3833; x_wconf 76' lang='lat' dir='ltr'>necessario</span> <span class='ocrx_word' id='word_1_299' title='bbox 1205 3794 1302 3850; x_wconf 75' lang='lat' dir='ltr'>eorpus</span> <span class='ocrx_word' id='word_1_300' title='bbox 1315 3780 1356 3832; x_wconf 81' lang='lat' dir='ltr'><strong><em>eet</em></strong></span> <span class='ocrx_word' id='word_1_301' title='bbox 1368 3780 1396 3832; x_wconf 75' lang='lat' dir='ltr'><strong><em>et</em></strong></span> <span class='ocrx_word' id='word_1_302' title='bbox 1407 3776 1438 3845; x_wconf 84' lang='lat' dir='ltr'><strong><em>ie,</em></strong></span> <span class='ocrx_word' id='word_1_303' title='bbox 1456 3776 1504 3847; x_wconf 87' lang='lat' dir='ltr'><strong><em>qui</em></strong></span> 
     </span>
     <span class='ocr_line' id='line_1_33' title="bbox 184 3877 1504 3952; baseline 0.002 -19"><span class='ocrx_word' id='word_1_304' title='bbox 184 3877 313 3949; x_wconf 67' lang='lat' dir='ltr'>protulit,</span> <span class='ocrx_word' id='word_1_305' title='bbox 330 3881 360 3933; x_wconf 80' lang='lat' dir='ltr'><strong><em>et</em></strong></span> <span class='ocrx_word' id='word_1_306' title='bbox 376 3879 408 3945; x_wconf 79' lang='lat' dir='ltr'><strong><em>ie,</em></strong></span> <span class='ocrx_word' id='word_1_307' title='bbox 426 3877 474 3949; x_wconf 91' lang='lat' dir='ltr'><strong><em>qui</em></strong></span> <span class='ocrx_word' id='word_1_308' title='bbox 491 3879 614 3951; x_wconf 80' lang='lat' dir='ltr'><strong>prolatus</strong></span> <span class='ocrx_word' id='word_1_309' title='bbox 627 3883 676 3935; x_wconf 82' lang='lat' dir='ltr'>eet.</span> <span class='ocrx_word' id='word_1_310' title='bbox 690 3909 724 3919; x_wconf 93' lang='lat'><em>-</em></span> <span class='ocrx_word' id='word_1_311' title='bbox 738 3880 900 3952; x_wconf 72' lang='lat' dir='ltr'><strong>Pamphilus</strong></span> <span class='ocrx_word' id='word_1_312' title='bbox 917 3880 990 3952; x_wconf 77' lang='lat' dir='ltr'>apel.</span> <span class='ocrx_word' id='word_1_313' title='bbox 1002 3882 1032 3935; x_wconf 73' lang='grc' dir='ltr'><strong><em>δε</em></strong></span> <span class='ocrx_word' id='word_1_314' title='bbox 1050 3882 1157 3952; x_wconf 70' lang='lat' dir='ltr'>tempus</span> <span class='ocrx_word' id='word_1_315' title='bbox 1174 3882 1216 3935; x_wconf 70' lang='lat' dir='ltr'><strong><em>eet</em></strong></span> <span class='ocrx_word' id='word_1_316' title='bbox 1232 3878 1354 3934; x_wconf 73' lang='lat' dir='ltr'>decursis</span> <span class='ocrx_word' id='word_1_317' title='bbox 1371 3879 1414 3934; x_wconf 79' lang='lat' dir='ltr'><strong><em>hie</em></strong></span> <span class='ocrx_word' id='word_1_318' title='bbox 1432 3897 1504 3948; x_wconf 76' lang='lat' dir='ltr'>quae</span> 
     </span>
     <span class='ocr_line' id='line_1_34' title="bbox 186 3979 1504 4051; baseline 0.002 -17"><span class='ocrx_word' id='word_1_319' title='bbox 186 3980 220 4035; x_wconf 84' lang='lat' dir='ltr'><strong><em>de</em></strong></span> <span class='ocrx_word' id='word_1_320' title='bbox 238 3983 320 4050; x_wconf 79' lang='lat' dir='ltr'>petre</span> <span class='ocrx_word' id='word_1_321' title='bbox 337 3983 367 4035; x_wconf 77' lang='grc' dir='ltr'><strong><em>εί</em></strong></span> <span class='ocrx_word' id='word_1_322' title='bbox 384 3979 443 4037; x_wconf 88' lang='lat' dir='ltr'>filio</span> <span class='ocrx_word' id='word_1_323' title='bbox 461 3983 491 4036; x_wconf 79' lang='lat' dir='ltr'><strong><em>et</em></strong></span> <span class='ocrx_word' id='word_1_324' title='bbox 507 3980 604 4051; x_wconf 74' lang='lat' dir='ltr'><strong>spiritu</strong></span> <span class='ocrx_word' id='word_1_325' title='bbox 622 3985 718 4038; x_wconf 74' lang='lat' dir='ltr'>saneto</span> <span class='ocrx_word' id='word_1_326' title='bbox 737 3981 921 4045; x_wconf 73' lang='lat' dir='ltr'>disseruimus,</span> <span class='ocrx_word' id='word_1_327' title='bbox 939 3980 974 4036; x_wconf 85' lang='lat' dir='ltr'><strong><em>de</em></strong></span> <span class='ocrx_word' id='word_1_328' title='bbox 991 3980 1048 4036; x_wconf 81' lang='lat' dir='ltr'>illie</span> <span class='ocrx_word' id='word_1_329' title='bbox 1066 3997 1176 4050; x_wconf 84' lang='lat' dir='ltr'>quoque</span> <span class='ocrx_word' id='word_1_330' title='bbox 1193 3998 1265 4051; x_wconf 71' lang='lat' dir='ltr'>quae</span> <span class='ocrx_word' id='word_1_331' title='bbox 1281 3999 1300 4036; x_wconf 78' lang='grc' dir='ltr'><strong><em>ε</em></strong></span> <span class='ocrx_word' id='word_1_332' title='bbox 1314 3981 1394 4036; x_wconf 81' lang='lat' dir='ltr'>nobie</span> <span class='ocrx_word' id='word_1_333' title='bbox 1406 3981 1504 4037; x_wconf 76' lang='lat' dir='ltr'>relicte</span> 
     </span>
     <span class='ocr_line' id='line_1_35' title="bbox 184 4081 1506 4154; baseline 0 -17"><span class='ocrx_word' id='word_1_334' title='bbox 184 4082 306 4145; x_wconf 84' lang='lat' dir='ltr'>fuerunt,</span> <span class='ocrx_word' id='word_1_335' title='bbox 323 4099 413 4153; x_wconf 72' lang='lat' dir='ltr'>peuce</span> <span class='ocrx_word' id='word_1_336' title='bbox 423 4084 554 4153; x_wconf 80' lang='lat' dir='ltr'>repetere.</span> <span class='ocrx_word' id='word_1_337' title='bbox 582 4082 648 4137; x_wconf 77' lang='lat' dir='ltr'>deus</span> <span class='ocrx_word' id='word_1_338' title='bbox 665 4086 744 4154; x_wconf 77' lang='lat' dir='ltr'>peter</span> <span class='ocrx_word' id='word_1_339' title='bbox 762 4100 824 4139; x_wconf 85' lang='lat' dir='ltr'><strong><em>cum</em></strong></span> <span class='ocrx_word' id='word_1_340' title='bbox 842 4086 871 4138; x_wconf 77' lang='lat' dir='ltr'><strong><em>et</em></strong></span> <span class='ocrx_word' id='word_1_341' title='bbox 882 4083 1030 4138; x_wconf 78' lang='lat' dir='ltr'>inuisibilis</span> <span class='ocrx_word' id='word_1_342' title='bbox 1047 4084 1107 4151; x_wconf 76' lang='grc' dir='ltr'><strong><em>(νηί.</em></strong></span> <span class='ocrx_word' id='word_1_343' title='bbox 1119 4082 1195 4152; x_wconf 78' lang='lat' dir='ltr'>oben)</span> <span class='ocrx_word' id='word_1_344' title='bbox 1213 4082 1249 4138; x_wconf 74' lang='lat' dir='ltr'><strong><em>eit</em></strong></span> <span class='ocrx_word' id='word_1_345' title='bbox 1266 4086 1294 4139; x_wconf 74' lang='lat' dir='ltr'><strong><em>et</em></strong></span> <span class='ocrx_word' id='word_1_346' title='bbox 1311 4081 1506 4154; x_wconf 75' lang='lat' dir='ltr'>inseparabilis</span> 
     </span>
     <span class='ocr_line' id='line_1_36' title="bbox 185 4182 660 4253; baseline 0 -15"><span class='ocrx_word' id='word_1_347' title='bbox 185 4201 202 4238; x_wconf 80' lang='lat' dir='ltr'>e</span> <span class='ocrx_word' id='word_1_348' title='bbox 221 4183 279 4239; x_wconf 82' lang='lat' dir='ltr'>filio</span> <span class='ocrx_word' id='word_1_349' title='bbox 297 4185 349 4239; x_wconf 57' lang='lat' dir='ltr'><strong><em>ete,</em></strong></span> <span class='ocrx_word' id='word_1_350' title='bbox 368 4182 500 4253; x_wconf 72' lang='grc' dir='ltr'><strong><em>(ωδτίίῶίι</em></strong></span> <span class='ocrx_word' id='word_1_351' title='bbox 517 4185 568 4238; x_wconf 77' lang='lat' dir='ltr'><strong><em>wie</em></strong></span> <span class='ocrx_word' id='word_1_352' title='bbox 585 4183 660 4252; x_wconf 77' lang='lat' dir='ltr'>oben)</span> 
     </span>
    </p>
   </div>
   <div class='ocr_carea' id='block_1_5' title="bbox 183 4358 1507 4738">
    <p class='ocr_par' dir='ltr' id='par_1_9' title="bbox 183 4358 1507 4738">
     <span class='ocr_line' id='line_1_37' title="bbox 269 4358 1504 4439; baseline -0.003 -13"><span class='ocrx_word' id='word_1_353' title='bbox 269 4369 315 4426; x_wconf 66' lang='grc' dir='ltr'><strong><em>Ξῖ</em></strong></span> <span class='ocrx_word' id='word_1_354' title='bbox 332 4369 384 4438; x_wconf 71' lang='grc' dir='ltr'><strong><em>τὴν</em></strong></span> <span class='ocrx_word' id='word_1_355' title='bbox 402 4365 489 4438; x_wconf 69' lang='grc' dir='ltr'><strong><em>αὐτὴν</em></strong></span> <span class='ocrx_word' id='word_1_356' title='bbox 507 4408 533 4423; x_wconf 85' lang='grc'><strong><em>..</em></strong></span> <span class='ocrx_word' id='word_1_357' title='bbox 552 4358 649 4438; x_wconf 83' lang='grc' dir='ltr'><strong><em>δόξαν]</em></strong></span> <span class='ocrx_word' id='word_1_358' title='bbox 668 4367 702 4425; x_wconf 90' lang='grc' dir='ltr'><strong><em>τὸ</em></strong></span> <span class='ocrx_word' id='word_1_359' title='bbox 719 4366 788 4426; x_wconf 79' lang='grc' dir='ltr'><strong><em>αὐτὸ</em></strong></span> <span class='ocrx_word' id='word_1_360' title='bbox 806 4409 833 4425; x_wconf 92' lang='grc'><strong><em>..</em></strong></span> <span class='ocrx_word' id='word_1_361' title='bbox 851 4361 946 4439; x_wconf 86' lang='grc' dir='ltr'><strong><em>δόγμα</em></strong></span> <span class='ocrx_word' id='word_1_362' title='bbox 963 4382 1005 4425; x_wconf 84' lang='lat' dir='ltr'><strong><em>mr</em></strong></span> <span class='ocrx_word' id='word_1_363' title='bbox 1024 4372 1029 4439; x_wconf 92' lang='grc' dir='ltr'>Ι</span> <span class='ocrx_word' id='word_1_364' title='bbox 1055 4361 1151 4439; x_wconf 79' lang='grc' dir='ltr'><strong><em>δόξαν]</em></strong></span> <span class='ocrx_word' id='word_1_365' title='bbox 1170 4369 1279 4424; x_wconf 71' lang='grc' dir='ltr'><strong><em>δεαααλι</em></strong></span> <span class='ocrx_word' id='word_1_366' title='bbox 1296 4368 1388 4423; x_wconf 76' lang='lat' dir='ltr'>Lfleke</span> <span class='ocrx_word' id='word_1_367' title='bbox 1405 4368 1504 4423; x_wconf 84' lang='lat' dir='ltr'>MoRe</span> 
     </span>
     <span class='ocr_line' id='line_1_38' title="bbox 187 4466 1503 4545; baseline -0.003 -15"><span class='ocrx_word' id='word_1_368' title='bbox 187 4522 188 4531; x_wconf 71' lang='grc'><strong><em>,</em></strong></span> <span class='ocrx_word' id='word_1_369' title='bbox 219 4471 257 4527; x_wconf 77' lang='grc'><strong><em>18</em></strong></span> <span class='ocrx_word' id='word_1_370' title='bbox 276 4467 380 4541; x_wconf 80' lang='grc' dir='ltr'><strong><em>ῥητῶν]</em></strong></span> <span class='ocrx_word' id='word_1_371' title='bbox 399 4476 432 4535; x_wconf 58' lang='grc'><strong><em>4·</em></strong></span> <span class='ocrx_word' id='word_1_372' title='bbox 449 4486 513 4526; x_wconf 83' lang='grc' dir='ltr'><strong><em>τινα</em></strong></span> <span class='ocrx_word' id='word_1_373' title='bbox 531 4470 578 4526; x_wconf 87' lang='lat' dir='ltr'><strong><em>Mo</em></strong></span> <span class='ocrx_word' id='word_1_374' title='bbox 602 4473 606 4539; x_wconf 93' lang='grc' dir='ltr'>Ι</span> <span class='ocrx_word' id='word_1_375' title='bbox 633 4470 672 4527; x_wconf 77' lang='lat'><strong><em>14</em></strong></span> <span class='ocrx_word' id='word_1_376' title='bbox 689 4476 737 4539; x_wconf 83' lang='grc' dir='ltr'><strong><em>τῆς</em></strong></span> <span class='ocrx_word' id='word_1_377' title='bbox 755 4510 782 4527; x_wconf 91' lang='grc'><strong><em>..</em></strong></span> <span class='ocrx_word' id='word_1_378' title='bbox 800 4466 957 4540; x_wconf 73' lang='grc' dir='ltr'><strong><em>ἐπιπολῆς,</em></strong></span> <span class='ocrx_word' id='word_1_379' title='bbox 977 4488 1045 4527; x_wconf 82' lang='grc' dir='ltr'><strong><em>υοττ.</em></strong></span> <span class='ocrx_word' id='word_1_380' title='bbox 1064 4470 1111 4526; x_wconf 83' lang='lat' dir='ltr'><strong><em>Mo</em></strong></span> <span class='ocrx_word' id='word_1_381' title='bbox 1126 4472 1131 4538; x_wconf 95' lang='grc'>1</span> <span class='ocrx_word' id='word_1_382' title='bbox 1147 4471 1185 4526; x_wconf 76' lang='lat'><strong><em>21</em></strong></span> <span class='ocrx_word' id='word_1_383' title='bbox 1199 4468 1326 4541; x_wconf 83' lang='grc' dir='ltr'><strong><em>γέννημα</em></strong></span> <span class='ocrx_word' id='word_1_384' title='bbox 1345 4468 1398 4524; x_wconf 85' lang='lat' dir='ltr'><strong><em>We</em></strong></span> <span class='ocrx_word' id='word_1_385' title='bbox 1416 4476 1503 4545; x_wconf 80' lang='grc' dir='ltr'><strong><em>γεννᾷ</em></strong></span> 
     </span>
     <span class='ocr_line' id='line_1_39' title="bbox 183 4568 1507 4644; baseline -0.002 -16"><span class='ocrx_word' id='word_1_386' title='bbox 183 4570 236 4639; x_wconf 76' lang='grc' dir='ltr'><strong><em>μὲν</em></strong></span> <span class='ocrx_word' id='word_1_387' title='bbox 258 4571 291 4640; x_wconf 85' lang='lat' dir='ltr'><strong><em>V,</em></strong></span> <span class='ocrx_word' id='word_1_388' title='bbox 310 4571 382 4627; x_wconf 78' lang='lat' dir='ltr'>doeh</span> <span class='ocrx_word' id='word_1_389' title='bbox 403 4571 441 4626; x_wconf 79' lang='lat' dir='ltr'><strong><em>iet</em></strong></span> <span class='ocrx_word' id='word_1_390' title='bbox 453 4571 507 4627; x_wconf 79' lang='lat' dir='ltr'>&#39;die</span> <span class='ocrx_word' id='word_1_391' title='bbox 529 4572 671 4643; x_wconf 74' lang='lat' dir='ltr'>Corrupto!</span> <span class='ocrx_word' id='word_1_392' title='bbox 693 4570 835 4627; x_wconf 80' lang='lat' dir='ltr'>vielleicht</span> <span class='ocrx_word' id='word_1_393' title='bbox 857 4573 929 4629; x_wconf 81' lang='lat' dir='ltr'><strong>noch</strong></span> <span class='ocrx_word' id='word_1_394' title='bbox 949 4571 1233 4643; x_wconf 69' lang='lat' dir='ltr'>greeeer‚vgl.01ig.</span> <span class='ocrx_word' id='word_1_395' title='bbox 1258 4573 1263 4639; x_wconf 84' lang='grc' dir='ltr'>Ι</span> <span class='ocrx_word' id='word_1_396' title='bbox 1287 4570 1327 4626; x_wconf 78' lang='lat'><strong><em>24</em></strong></span> <span class='ocrx_word' id='word_1_397' title='bbox 1347 4568 1507 4644; x_wconf 76' lang='grc' dir='ltr'><strong><em>γέγραφενΙ</em></strong></span> 
     </span>
     <span class='ocr_line' id='line_1_40' title="bbox 184 4674 1019 4738; baseline -0.006 -8"><span class='ocrx_word' id='word_1_398' title='bbox 184 4681 216 4738; x_wconf 76' lang='grc' dir='ltr'><strong><em>-ί-</em></strong></span> <span class='ocrx_word' id='word_1_399' title='bbox 233 4674 303 4730; x_wconf 73' lang='grc' dir='ltr'><strong><em>καίθ</em></strong></span> <span class='ocrx_word' id='word_1_400' title='bbox 1015 4694 1019 4699; x_wconf 91' lang='grc'><em>·</em></span> 
     </span>
    </p>
   </div>
   <div class='ocr_carea' id='block_1_6' title="bbox 0 0 1868 5508">
    <p class='ocr_par' dir='ltr' id='par_1_10' title="bbox 0 0 1868 5508">
     <span class='ocr_line' id='line_1_41' title="bbox 0 0 1868 5508; baseline 0 1"><span class='ocrx_word' id='word_1_401' title='bbox 0 0 1868 5508; x_wconf 95' lang='lat' dir='ltr'><strong><em> </em></strong></span> 
     </span>
    </p>
   </div>
  </div>
 </body>
</html>
