3698 5510
307 466 365 529 132
887 454 1020 511 Eusebius

304 646 392 704 νοις;
414 614 661 707 εἰδωλολάτραι
683 616 714 689 δ’
737 610 823 707 ἦσαν
845 610 951 702 οῦτοι,
974 615 1022 701 οῦς
1044 614 1166 709 ήαύτὴ
1182 616 1328 691 διδάσκει
1343 616 1454 706 γραφή
1470 623 1614 704 λέγουσα

308 727 383 790 »καὶ
404 720 499 791 εἶπεν
519 717 647 807 κύριος·
669 725 738 792 ποῦ
760 724 844 790 εἰσὶν
866 721 898 789 οί
920 725 997 790 θεοὶ
1019 715 1145 802 αύτῶν,
1168 715 1221 806 ἐφ’
1238 719 1288 800 υίς
1303 723 1546 789 ἐπεποίθεισαν
1560 711 1613 786 ἐπ’

305 818 436 905 αύτοῑς;
467 810 518 890 ῶν
545 818 586 890 τό
613 825 714 906 στέαρ
737 827 811 890 τῶν
832 825 968 890 θυσιῶν
989 815 1106 890 αὐτῶν
1128 815 1278 909 ήσθίετε,
1308 825 1365 887 καὶ
1395 821 1527 887 ἐπίνετε
1549 813 1614 885 τὸν

306 922 403 991 οἶνον
425 925 500 989 τῶν
521 923 682 990 σπονδῶν
705 915 835 988 αὐτῶν·
872 912 1120 1007 άναστήτωσαν
1142 925 1197 989 καὶ
1223 914 1497 1007 βοηθησάτωσαν
1526 912 1613 1003 ύμῖν,

271 1031 288 1083 5
305 1025 359 1089 καὶ
382 1016 630 1108 γενηθήτωσαν
651 1014 748 1106 ῦμῶν
769 1025 982 1090 σκεπασταίι.
1019 1017 1156 1099 τούτοις
1176 1017 1240 1105 γάρ
1255 1022 1423 1105 συνῆπται
1439 1014 1480 1088 τὸ
1509 1020 1612 1086 »ίδετε

306 1122 394 1190 ίδετε
417 1113 472 1190 ότι
494 1117 560 1204 ἐγῶ
583 1123 657 1206 εἰμι,
679 1124 734 1188 καὶ
757 1113 818 1186 σῦκ
841 1119 935 1186 ἐστιν
956 1115 1038 1199 θεὸς
1059 1116 1151 1205 πλὴν
1172 1122 1283 1206 ἐμσῦι.

389 1224 430 1291 22
459 1214 525 1287 κάν
556 1214 710 1305 μυριάκις
738 1223 856 1287 τοίνυν
883 1214 937 1287 διὰ
964 1221 1028 1287 τοῦ
1048 1213 1231 1304 προφήτου
1252 1223 1346 1301 βοῶν
1368 1212 1480 1304 φάσκῃ
1506 1212 1615 1302 »πλὴν
1634 1236 1679 1297 ὅτι
1702 1242 1758 1295 mi
1782 1234 1812 1291 g„

263 1321 389 1406 ἐμοῦ
411 1313 473 1388 οῦκ
498 1320 589 1388 ἐστιν
611 1315 710 1397 θεὸς(
738 1323 795 1385 καί
824 1314 933 1404 »πλὴν
953 1319 1036 1405 ἐμοῦ
1058 1312 1120 1387 οῦκ
1141 1319 1233 1388 ἔστιν
1255 1323 1383 1397 δίκαιος
1403 1322 1458 1386 καὶ
1479 1313 1612 1403 σωτήρι
1633 1315 1696 1374 τοῖς
1726 1326 1809 1440 ςςπῗθ

306 1424 361 1487 καὶ
387 1416 491 1488 »θεὸν
511 1416 603 1506 πλήν
585 1420 706 1505 νέμοῦ
728 1411 769 1486 σύ
795 1414 924 1503 γνῶση,
954 1421 1010 1486 καὶ
1041 1413 1162 1504 σῴζων
1189 1411 1251 1487 ούκ
1273 1417 1365 1486 ἔστιν
1386 1412 1529 1502 πάρεξέ
1529 1419 1612 1502 μοῦι
1633 1379 1810 1501 ffff‘ss‘fff‘ss

257 1533 290 1586 10
307 1510 409 1587 καὶο
390 1540 452 1587 οσα
483 1516 570 1587 ἄλλα
597 1513 736 1597 τούτοις
764 1512 896 1601 άδελφὰ
917 1519 954 1585 ἐν
976 1532 1048 1596 τοῖς
1078 1526 1213 1598 λοιποῖς
1244 1521 1382 1603 φέρεται
1412 1510 1615 1602 προφήταις
1668 1515 1767 1582 πατὴρ

308 1615 390 1698 θεὸς
420 1607 464 1704 ήν
490 1624 546 1717 καὶ
572 1620 606 1701 ἐξ
628 1620 757 1687 ἐκείνου
790 1619 845 1686 »ἐν
867 1621 1007 1703 Χριστῷ
1038 1611 1165 1703 κόσμον
1195 1611 1485 1686 καταλλάσσων
1473 1619 1616 1702 εαυτῷι
1661 1577 1782 1718 ἐγξῑῗοο

307 1723 363 1788 καὶ
385 1712 488 1799 αύτὸς
511 1709 554 1805 ήν
576 1711 595 1785 ὁ
617 1713 730 1803 πατὴρ
753 1721 863 1786 ταῦτα
885 1714 939 1785 διά
961 1720 1025 1785 τοῦ
1045 1721 1251 1802 μονογενοῦς
1272 1718 1357 1798 υίοῦ,
1380 1714 1435 1785 σία
1456 1707 1532 1785 διΗ
1521 1740 1617 1801 ερμη-

308 1823 404 1899 νέως,
427 1813 628 1904 ἀνθρώποις
648 1809 960 1903 ύποφθεγγύμενος
1003 1808 1086 1903 δδή
1108 1820 1163 1885 καὶ
1188 1809 1290 1896 αύτὸς
1317 1843 1335 1884 ο
1326 1808 1432 1896 (υίὸς
1452 1817 1490 1884 ἐν
1512 1809 1618 1899 Εύαγ·

235 1968 239 1974 .
308 1924 433 2004 γελίοις
454 1922 648 2001 παρεδίδου,
680 1914 738 1984 ίυα
764 1910 873 2002 μόνον
894 1918 1016 1984 εἰδέναι
1038 1912 1208 1987 διδάσκων
1233 1910 1331 1999 θεόν,
1363 1918 1401 1984 ἐν
1431 1911 1483 1995 οἶς
1505 1915 1618 1999 ἔλεγεν

259 2031 292 2083 15
313 2010 417 2103 »αῦτη
445 2020 482 2085 δέ
502 2019 595 2085 ἐστιν
617 2009 637 2100 ἦ
660 2011 807 2101 αἰῶίνισς
830 2011 914 2102 ζωή,
946 2018 1001 2084 ἵνα
1022 2014 1235 2102 γινῶσκωσίν
1266 2037 1302 2085 σε
1323 2012 1386 2085 τὸν
1407 2010 1516 2100 μόνον
1539 2007 1617 2100 άλη·
1639 2033 1699 2088 140

310 2112 413 2184 θινὸν
435 2113 520 2184 θεὸν
541 2121 597 2183 καί
620 2106 661 2183 ῦν
685 2108 885 2194 ἀπέστειλας
907 2108 1032 2202 Ἰησοῦν
1055 2111 1235 2202 Χριστὸνι.
1277 2108 1380 2193 αύτός
1406 2104 1469 2183 σῦν
1495 2107 1513 2182 δ
1536 2108 1652 2198 ἄλη-2

311 2211 409 2294 θινὸς
431 2204 474 2301 ἦν
495 2208 589 2295 θεός,
621 2207 640 2282 ὁ
667 2211 714 2295 εἰς
740 2210 844 2300 μόνος
868 2219 924 2282 καὶ
947 2214 1059 2298 ἕτερος
1082 2208 1144 2283 οῦκ
1165 2216 1257 2284 ἐστιν
1278 2211 1371 2302 πλὴν
1392 2208 1507 2291 αύτοῦ,
1531 2206 1549 2280 ό
1571 2210 1616 2299 μὴ

310 2309 419 2403 μόνον
440 2311 495 2382 διὰ
519 2318 594 2383 τῶν
614 2317 807 2401 προφητῶν
829 2307 917 2382 ἀλλὰ
933 2311 987 2381 διὰ
1010 2317 1072 2381 τοῦ
1092 2318 1180 2383 ἰδίου
1202 2315 1277 2383 υἱοῦ
1292 2319 1400 2383 ταῦτα
1418 2307 1492 2380 κατ’
1509 2315 1618 2381 ἐκεῖνο

310 2419 430 2501 καιροῦ
452 2410 775 2497 εἰδωλολατρεύοντι
802 2417 853 2500 τῷ
875 2406 1048 2482 Ἰουδαίων
1073 2408 1334 2500 ἐγκελευόμενος
1354 2413 1456 2482 ἔθνει.
1498 2405 1619 2480 αύτίκα

260 2509 345 2583 2οδ
368 2503 431 2584 οῦν
453 2507 472 2583 ῦ
493 2506 625 2593 Ἠσαίας
655 2484 860 2599 (μᾶλλονδὲ
889 2505 907 2580 ὁ
934 2510 1015 2594 θεὸς
1042 2507 1082 2581 δι’
1106 2507 1224 2598 αύτοῦ)
1256 2512 1365 2582 εἰπῶν
1398 2509 1508 2600 »πλὴν
1538 2514 1620 2597 ἐμοῦ

312 2609 373 2683 ούκ
395 2614 489 2682 ἐστιν
510 2606 600 2691 θεός
644 2607 741 2692 τίς
717 2612 832 2696 ω’σπερ
855 2609 935 2697 ἐγω
940 2641 952 2674 ‹
986 2614 1108 2698 καίξ
1072 2641 1086 2682 ε
1090 2618 1148 2701 ξής
1165 2609 1367 2735 ἐμᾷρτυρες
1380 2607 1472 2700 ῦμεῑς
1494 2613 1567 2680 ἐστε
1590 2616 1620 2679 εἰ

312 2715 404 2782 ἐστιν
426 2710 507 2792 θεὸς
527 2707 619 2798 πλὴν
641 2713 752 2830 ἐμοῦι,
775 2706 1003 2799 ἐπήγαγεν
968 2741 1009 2781 το
1039 2719 1112 2781 »καὶ
1134 2708 1196 2781 οῦκ
1218 2713 1304 2799 ήσαν
1327 2707 1416 2782 τότε.
1460 2716 1493 2783 σί
1513 2705 1620 2783 πλάσ·

312 2835 430 2893 σοντες
461 2816 516 2879 καί
550 2813 582 2880 οἰ
612 2806 802 2896 γλύφοντες
827 2806 955 2891 πάντες
976 2807 1126 2899 μάταιοι,
1156 2816 1338 2895 ποιοῦντες
1359 2811 1403 2881 τὰ
1425 2808 1620 2931 καταθύμια

313 2907 457 2980 αύτῶυι.
501 2915 555 2978 καὶ
578 2905 619 2977 δι’
643 2904 724 2998 όλης
747 2915 782 2979 δὲ
804 2915 866 2998 τῆς
888 2906 994 2980 αύτοῦ
1013 2903 1277 2997 προφητείαςο
1239 2939 1349 2998 ευροις
1365 2940 1407 2982 αν
1421 2937 1620 2999 κοπτομενα
1638 2923 1655 2977 3

260 3030 294 3084 25
314 3010 356 3080 τὰ
383 3008 496 3097 ἄψυχα
522 3005 641 3093 ξόανα,
671 3016 727 3078 καὶ
754 3004 833 3096 παρ’
856 3006 989 3099 ἑκάστῳ
1012 3015 1048 3079 δὲ
1069 3007 1231 3097 προφήτῃ
1254 3005 1382 3098 ὁμοίως
1403 3015 1449 3093 εἰς
1471 3006 1620 3098 άποτρο·

311 3110 382 3197 πὴν
413 3113 474 3196 τής
503 3113 680 3178 πολυθέου
709 3105 841 3195 πλάνης
871 3109 935 3179 τὸν
967 3110 1025 3179 ἕνα
1055 3108 1140 3179 θεὸν
1174 3107 1428 3199 κηρυττόμενον
1464 3107 1621 3200 εῦρήσεις.

312 3202 404 3279 ούτω
426 3213 482 3277 καὶ
505 3202 596 3294 ἡμεῖς
618 3208 791 3297 εἰώθαμεν
810 3204 983 3296 Ἑλλήνων
1014 3225 1086 3290 τοῖς
1113 3214 1351 3299 δεισιδαίμοσιν
1377 3215 1414 3282 ἐν
1440 3228 1513 3292 τοῖς
1534 3211 1622 3299 πρὸς

312 3304 435 3389 αύτούς
458 3302 627 3395 διαλόγοις
650 3306 714 3395 τὴν
736 3312 797 3397 μὲν
818 3316 895 3393 περὶ
917 3314 980 3378 τοῦ
997 3314 1147 3395 Χριστοῦ
1169 3313 1386 3381 διδασκαλίαν
1401 3316 1447 3394 εἰς
1461 3304 1623 3398 εύκαιρον

313 3405 541 3496 ταμιεύεσθαι,
579 3412 666 3489 τέως
700 3411 736 3477 δὲ
771 3403 887 3490 αύτοῑς
917 3413 979 3495 τῆς
1009 3403 1264 3496 εἰδωλολάτρου
1297 3407 1432 3498 πλάνης
1466 3414 1621 3499 ἐλέγχους

262 3524 295 3578 30
312 3513 518 3595 προσφέρειν
547 3513 603 3575 καὶ
630 3505 693 3576 τὸν
721 3508 779 3577 ἐνα
802 3508 885 3576 εἰναι
907 3506 992 3577 θεὸν
1013 3503 1263 3590 ἀποδεικτικοῖς
1283 3507 1543 3596 κατασκευάζειν
1564 3507 1622 3582 λό-

313 3635 395 3695 γοις.
436 3612 643 3694 μανθανέτω
674 3613 793 3676 τοίνυν
824 3603 1035 3693 Μάρκελλος,
1067 3612 1096 3677 εἰ
1123 3605 1369 3729 καταγηράσας
1388 3613 1425 3681 ἐν
1453 3614 1657 3696 ἐπισκοπῇ4

314 3712 375 3795 τῆς
392 3711 542 3826 Χριστοῦ
556 3696 789 3792 ἐκκλησίας
748 3732 845 3775 οιπω
866 3711 922 3775 καὶ
941 3711 1004 3775 νῦν
1017 3701 1222 3834 μεμάθηκεν,
1242 3700 1296 3778 ότι
1319 3716 1370 3799 τῷ
1393 3717 1529 3799 παλαιῷ
1546 3716 1620 3798 λαῷ

315 3802 421 3894 ήτοῦ
448 3799 748 3926 ἀποκεκρυμμένου
776 3809 961 3925 μυστηρίου
990 3814 1066 3892 περὶ
1097 3812 1161 3876 τοῦ
1189 3808 1264 3877 υίοῦ
1295 3816 1358 3880 τοῦ
1388 3816 1473 3880 θεοῦ
1499 3816 1623 3897 γνῶσις

314 3902 530 3991 κατάλληλος
552 3900 746 3992 ούδαμῶς’
731 3932 782 3992 ην,
805 3898 999 4023 ὀλισθηρῶς
1022 3909 1133 3992 ἔχοντι
1154 3933 1240 3993 προς
1255 3910 1546 3998 εἰδωλολατρείαυ
1568 3916 1624 3979 και

263 4021 297 4074 35
318 4008 365 4088 ῶς
386 4002 473 4094 μόνη
495 4010 538 4090 τῇ
561 3999 666 4073 αῦτοῦ
693 4007 848 4094 ἐκκλησία
882 4002 940 4073 »τὸ
963 4001 1149 4093 μυστήριον
1171 4004 1211 4075 τὸ
1234 4001 1575 4097 άπσκεκρυμμένον’
1554 4008 1623 4079 απὸ

400 4223 418 4279 5
445 4224 524 4277 Dent.
543 4224 583 4289 32,
602 4225 686 4279 39-
706 4225 763 4281 711.
790 4225 859 4280 2011
883 4224 1053 4294 vg1.Nr.67
1080 4254 1114 4264 -
1142 4227 1157 4281 7
1182 4226 1237 4281 ἰοε.
1254 4229 1331 4294 446
1356 4258 1390 4268 -
1417 4228 1511 4286 δίκε.
1529 4233 1572 4296 45,
1590 4231 1619 4283 21

315 4326 399 4391 (Lxx
417 4327 450 4379 26
468 4324 552 4379 Clem.
571 4326 660 4391 Alex.)
678 4329 747 4382 -θ
775 4326 838 4379 Hos.
858 4328 898 4388 13,
916 4330 984 4380 4-
1003 4327 1041 4382 15
1067 4326 1128 4381 Joh.
1158 4330 1231 4391 17‚3
1255 4358 1288 4367 -
1315 4330 1355 4385 20
1381 4331 1435 4385 Jes.
1452 4334 1494 4397 44,
1512 4332 1536 4386 6.
1556 4334 1570 4384 7
1589 4360 1622 4370 -

317 4429 353 4481 ‘21
375 4427 428 4481 Jes.
446 4430 487 4490 44,
505 4428 522 4482 8
540 4458 573 4466 -
592 4428 631 4482 22
650 4428 703 4481 Jes.
721 4432 762 4494 44,
780 4430 804 4483 8.
823 4430 839 4483 θ
857 4458 890 4467 -
909 4429 947 4483 38
966 4428 1035 4499 Eph.
1054 4431 1077 4491 3,
1096 4430 1120 4484 9.
1151 4430 1211 4483 Kol.
1231 4434 1253 4495 1,
1273 4432 1306 4485 25
1323 4462 1354 4470 -
1375 4432 1413 4488 55
1432 4432 1493 4487 Kol.
1515 4436 1537 4493 1,
1555 4433 1589 4488 2ss

404 4627 440 4682 13
459 4629 490 4694 δίγ
509 4627 636 4684 Κίδὲθ
668 4629 672 4695 Ι
706 4629 742 4684 15
761 4624 948 4697 γινώσκουσιν
965 4630 1012 4694 V*,
1032 4647 1098 4684 corr.
1118 4631 1156 4684 V²
1188 4635 1192 4698 Ι
1226 4630 1380 4703 1λὸςεί
1397 4633 1511 4699 λ’*ίεία
1530 4633 1578 4700 V2)
