3674 5506
555 472 589 529 δε
606 473 792 529 ecelesiastica
808 473 951 544 theologia
966 475 1123 530 11113-15.
1425 483 1482 544 171

171 643 304 726 με’νους,
326 644 382 706 καὶ
404 635 489 724 μετά
512 636 576 726 τὴν
598 641 792 708 συντέλειαν
814 641 849 707 δὲ
871 633 1080 725 κρειττόνως
1102 634 1219 722 αὐτοῖς
1241 645 1399 711 συνέστω
1413 665 1483 709 κοι-

173 736 311 818 νωνοδς
333 730 456 818 αὖτοὺς
478 732 686 824 ἀποφαίνων
708 740 769 824 τῆς
791 731 898 809 αὐτοῦ
919 745 1095 821 βασιλείας.
1138 730 1250 821 οὕτως
1276 730 1339 811 οὖν
1364 745 1419 810 καὶ
1443 736 1483 809 τὸ
1502 748 1518 803 2

176 833 309 907 »κάθου
329 838 368 905 ἐκ
390 839 511 922 δεξιῶν
531 864 598 925 μου
620 835 684 920 ἕως
706 833 749 906 ἂν
771 842 826 905 θῶ
849 833 930 917 τοδς
951 835 1093 924 ἐχθρούς
1115 862 1177 912 σου
1196 835 1389 910 ὑποπόδιον
1411 844 1485 909 τῶν

173 940 297 1008 ποδῶν
319 958 398 1006 nov<
423 942 479 1007 καὶ
501 934 543 1006 τὸ
569 928 628 1007 »δν
649 941 700 1006 δεῖ
719 931 870 1024 οὐρανὸν
890 941 951 1025 μὲν
973 939 1133 1023 δέξασθαι
1155 936 1231 1026 άχρι
1243 934 1382 1026 χρόνων
1402 933 1486 1008 ἀπο-

138 1030 435 1118 δκαταστάσεωςι
469 1030 530 1124 οδχ
553 1030 601 1116 σός
620 1029 736 1124 μηκέτ>
767 1038 929 1124 ἐσομένου
957 1034 1041 1124 μετὰ
1072 1042 1180 1108 ταῦτα
1210 1043 1379 1121 λέλεκται,
1411 1032 1485 1109 ἀλλ’

175 1133 225 1219 ιδς
247 1141 435 1225 μέλλοντας
455 1133 544 1206 κατὰ
565 1131 630 1205 τόν
651 1139 713 1223 τῆς
732 1141 924 1217 συντελείας
944 1133 1066 1223 καιρόν
1084 1141 1321 1208 διανίστασθαι
1341 1131 1410 1208 ἀπὸ
1432 1142 1487 1210 gg:

175 1242 240 1308 τοῦ
261 1231 394 1323 θρόνου
415 1240 479 1306 τοῦ
508 1239 679 1321 πατρικοῦ
707 1239 762 1305 καί
796 1239 958 1321 δευτέραν
988 1248 1161 1308 ποιεῖσθαι
1186 1234 1340 1308 κάθοδον
1366 1240 1403 1307 έκ
1425 1242 1487 1308 τοῦ

175 1332 340 1421 οὐρανοῦ,
361 1338 440 1422 περὶ
462 1324 501 1423 ἧς
523 1326 541 1404 ό
564 1327 758 1416 ἀπόστολος
780 1329 926 1404 διδάσκει
948 1339 1061 1422 λέγων
1094 1328 1167 1408 »ότι
1198 1332 1301 1419 αὐτὸς
1327 1330 1346 1407 δ
1371 1333 1487 1423 κύριος

175 1438 214 1506 ἐν
234 1432 448 1523 κελεύσματι,
471 1437 509 1504 έν
532 1439 633 1522 φωνῇ
655 1429 862 1522 ἀρχαγγέλου
883 1438 939 1502 καί
961 1436 998 1503 ἒν
1028 1432 1186 1525 σάλπιγγι
1216 1441 1314 1520 θεοῦ,
1344 1432 1486 1524 καταβή-

124 1548 158 1603 10
176 1558 271 1606 σεται
293 1528 350 1606 ἀπ’
373 1528 536 1622 οὐρανοῦ,
562 1539 618 1603 καὶ
641 1536 674 1602 σί
696 1537 809 1621 νεκροί
831 1537 868 1603 ἐν
891 1538 1030 1624 Χριστῷ
1061 1529 1314 1624 ἀναστήσονται
1342 1543 1487 1622 πρῶτοι,

176 1637 294 1705 ἔπειτα
316 1627 411 1722 ἡμεῖς
431 1636 464 1705 οί
487 1639 613 1720 ζῶντες
635 1635 667 1702 οί
688 1628 962 1720 περιλειπόμενοι
984 1625 1052 1722 άμα
1073 1633 1134 1707 σὺν
1162 1631 1279 1718 αὖτοῑς
1300 1630 1488 1724 άρπαγησό·

175 1742 266 1822 μεθα
287 1736 324 1803 έν
347 1739 503 1819 νεφέλαις
525 1737 572 1813 είς
593 1728 785 1821 ἀπάντησιν
806 1736 869 1803 τοῦ
890 1739 1009 1820 κυρίου
1023 1739 1070 1817 είς
1084 1730 1197 1824 ἀέρας·
1219 1740 1275 1806 καὶ
1292 1728 1387 1806 οὕτω
1402 1731 1487 1804 πάν·

176 1862 258 1905 τοτε
280 1831 344 1904 σὺν
363 1838 470 1921 κυρίῳ
492 1828 668 1920 έσόμεθαι.
702 1836 708 1920 Ι
741 1837 790 1901 δεῖ
803 1839 923 1904 τοίνυν
938 1831 1002 1904 τόν
1017 1839 1156 1924 σωτῆρα
1170 1839 1283 1923 μένειν
1297 1836 1335 1904 ἐν
1350 1828 1486 1923 οὖρανῴ
1507 1854 1564 1911 188

175 1938 229 2003 καί
251 1937 457 2018 καθέζεσθαι
478 1935 516 2002 έν
546 1935 636 2023 δεξιᾷ
658 1935 722 2003 τοῦ
742 1928 875 2018 πατρὸς
899 1932 982 2014 »ἕως
1005 1938 1066 2022 τῆς
1087 1941 1313 2017 συντελείαςι,
1342 1932 1430 2005 κατὰ
1452 1937 1487 2003 δε

125 2045 159 2097 15
176 2028 285 2122 αὐτὴν
308 2030 371 2121 τήν
393 2035 590 2103 συντέλειαν
617 2035 680 2101 τοῦ
705 2028 837 2113 παντός
864 2030 929 2120 τήν
953 2033 1094 2119 ἔνδοξον
1120 2040 1176 2103 καὶ
1197 2039 1360 2121 δευτέραν
1382 2028 1489 2103 αὐτοῦ

176 2138 367 2221 παρουσίαν
388 2125 615 2220 ποιησάμενος
636 2129 718 2212 τούς
739 2124 854 2218 ἀγίους
876 2127 983 2203 αὐτοῦ
1003 2130 1242 2223 παραλήψεται
1268 2138 1315 2214 είς
1341 2131 1382 2203 τὸ
1405 2126 1488 2201 πάν-

179 2260 258 2304 τοτε
281 2227 376 2320 αὐτῷ
399 2249 557 2315 συνεῖναι,
579 2225 652 2316 οὐχὶ
674 2236 767 2318 μέχρι
790 2229 884 2312 τινὸς
898 2227 1025 2319 χρόνου
1045 2227 1118 2303 ἀλλ’
1142 2237 1189 2314 εἰς
1208 2232 1352 2319 ἄπειρον
1366 2236 1488 2302 αἰῶνα·

181 2325 311 2404 »οότωι
344 2327 408 2421 γάρ
436 2353 538 2419 φησιν
571 2325 740 2401 »πάντοτε
768 2327 829 2399 σὺν
849 2337 957 2420 κυρίῳ
979 2327 1154 2419 έσόμεθαε.
1197 2327 1323 2404 οδκοῦν
1345 2334 1378 2403 σί
1400 2322 1522 2418 ἀγιοι3

177 2428 331 2503 πάντοτε
352 2426 566 2518 συνεσόμενοι
597 2425 691 2550 ῳάτῷ
715 2433 775 2517 τῆς
797 2424 904 2500 αάτοῦ
924 2437 1092 2513 βασιλείας
1115 2426 1366 2503 ἀπολαύσουσιν
1386 2433 1424 2500 ἐν
1446 2435 1488 2517 τῇ

127 2546 161 2601 20
178 2535 429 2621 κατηγγελμένη
465 2536 540 2600 τῶν
570 2523 728 2614 οὖρανων
756 2534 923 2647 βασιλεία·
964 2523 1038 2600 ἀλλ’
1072 2525 1091 2600 ὁ
1122 2548 1274 2619 γενναῖος
1305 2535 1414 2600 ταῦτα
1443 2527 1488 2616 μὴ

178 2637 296 2713 συνείς,
320 2658 384 2701 του
368 2635 504 2700 θείου
524 2622 722 2699 ἀποστόλου
751 2632 828 2715 περὶ
859 2633 923 2699 τοῦ
948 2633 1102 2749 σωτῆρος
1130 2626 1228 2718 ήμῶν
1249 2623 1426 2715 εἰρηκότος
1448 2626 1488 2697 τὸ

181 2737 251 2803 »δεῖ
270 2726 352 2857 γάρ
355 2724 463 2800 αυτὸν
484 2724 720 2812 βασιλεύειν”
699 2753 775 2814 αχρι
796 2717 837 2798 οὗ
858 2735 906 2815 θῇ
929 2726 1010 2811 τούς
1032 2722 1218 2818 έχθρούς“
1196 2725 1264 2798 υπὸ
1287 2726 1367 2808 τούς
1380 2721 1489 2809 πόδας

179 2826 295 2902 αυτοῦ,
308 2830 476 2952 ἔσχατος
498 2824 621 2916 ἐχθρός
641 2845 859 2945 καταργεῖται
881 2821 900 2897 δ
924 2824 1094 2910 θάνατος(
1119 2835 1174 2899 καὶ
1196 2823 1302 2899 πάλιν
1326 2818 1431 2897 »όταν
1453 2831 1488 2896 δε

179 2926 274 3019 αάτῳ
296 2924 452 3017 δποταγῇ
474 2927 517 2998 τά
538 2923 666 3010 πάντα,
697 2923 779 2997 τότε
806 2932 862 2995 καὶ
889 2922 992 3010 αὐτὸς
1013 2922 1264 3018 δποταγήσεται
1286 2933 1339 3016 τῷ
1360 2922 1488 2998 υποτά·
1504 2951 1522 3002 4

129 3040 277 3115 θθξαντι
299 3024 394 3117 αὐτῷ
417 3026 460 3099 τά
480 3022 609 3109 πάντα,
636 3028 690 3096 ἵνα
711 3017 879 3112 ήόθεδς
902 3025 945 3098 τά
967 3024 1082 3098 πάντα
1104 3030 1143 3098 έν
1163 3032 1302 3109 πᾶσινι,
1324 3033 1368 3114 τῇ
1391 3050 1488 3113 συνη-

179 3133 256 3220 θείᾳ
278 3126 387 3217 ταύτῃ
409 3123 618 3216 χρησάμενος
639 3130 695 3195 καί
717 3130 825 3195 ταῦτα
851 3123 1106 3251 παρερμηνεόει,
1138 3122 1201 3198 οὐκ
1231 3119 1347 3199 οἶδ’υ
1328 3154 1424 3206 οπως
1447 3123 1488 3195 τό

179 3200 457 3316 δπόταγήσεσθαι
487 3231 539 3314 τῷ
570 3231 676 3312 πατρὶ
702 3221 765 3294 τὸν
790 3220 914 3295 υίὸν’
893 3233 969 3295 αντὶ
997 3231 1061 3296 τοῦ
1083 3222 1318 3315 ενωθήσεσθαι
1340 3230 1391 3313 τῷ
1416 3230 1488 3312 θεῷ

178 3326 243 3399 τόν
264 3322 371 3445 λόγον
391 3322 573 3412 ἐξακούων,
615 3330 671 3395 καὶ
700 3319 786 3394 πότε
816 3322 878 3413 γάρ
909 3320 1003 3412 αὐτῷ
1027 3320 1089 3396 οάκ
1110 3316 1153 3413 ήν
1175 3321 1366 3413 ἡνωμένος,
1396 3328 1425 3393 εἰ
1447 3322 1488 3412 δή

180 3423 280 3516 λόγος
302 3453 346 3514 ην
368 3420 485 3507 ἀιδίως
505 3419 668 3511 ὑπάρχων
689 3426 727 3493 έν
749 3430 800 3513 τῷ
823 3430 912 3511 θεῷ;
933 3430 1009 3506 πῶς
1031 3416 1094 3495 οὖν
1118 3422 1234 3496 ετὸτει
1261 3429 1365 3512 φησίν
1389 3418 1489 3494 »ἀπο

130 3539 165 3595 30
180 3524 376 3615 ταγήσεταιι
405 3530 474 3614 »τῷ
497 3528 570 3612 θεῷ
592 3530 648 3593 καὶ
668 3530 808 3608 πατρίς

262 3631 303 3699 15
331 3623 393 3713 χρή
424 3629 460 3695 δε
486 3594 663 3710 έπιότήσαι
693 3620 757 3693 τόν
780 3629 863 3693 νοῦν
885 3653 933 3706 ως
954 3633 1010 3696 καὶ
1033 3619 1127 3711 αὐτῷ
1150 3628 1201 3712 τῷ
1223 3620 1346 3712 υλῴ
1309 3651 1352 3692 τα
1374 3617 1490 3693 πάντα
1508 3630 1674 3721 θπωςείρη-

178 3721 455 3847 υποταγήσεσθαι
476 3718 496 3796 ό
519 3718 751 3803 ἀπόστολος”
735 3749 810 3810 εῳη,
832 3719 940 3793 καὶ(
911 3753 959 3804 ως
980 3730 1023 3811 τῇ
1039 3721 1126 3811 αυτῇ
1140 3749 1296 3809 υποταγη
1280 3727 1366 3791 καὶ
1383 3717 1547 3793 αυτὸν
1543 3722 1590 3759 ‘⁶¹‘
1606 3721 1642 3788 ἴα

179 3821 455 3913 ἀποπαγήσεσθαι
482 3828 531 3911 τῷ
559 3828 665 3909 πατρὶ
688 3818 835 3892 διδάσκει
857 3828 967 3910 λέγων
1000 3816 1104 3894 »όταν
1135 3827 1170 3892 δε
1193 3819 1235 3891 τά
1257 3816 1371 3891 πάντα
1394 3849 1489 3910 αυτῳ
1472 3768 1675 3908 πόάτγοήόόο

1526 3910 1593 3961 σθαι
1619 3912 1658 3960 τῶ

1530 3970 1581 4046 υλῳ
1601 3960 1650 4029 καί

264 4042 769 4110 8Ρα109,1-4Ααί,3,-21
788 4041 1050 4108 84Τίεεεε416
1069 4045 1160 4097 17
1180 4040 1490 4105 145155111820-
1519 4030 1664 4115 αιτδντῳ

183 4148 220 4205 ιε
238 4146 331 4202 Thess
348 4148 374 4211 4,
394 4147 477 4200 17-
500 4143 652 4201 221K01.
671 4144 711 4208 15,
730 4143 810 4198 25-
831 4143 871 4199 εε
893 4144 988 4198 IKor.
1008 4147 1047 4208 15
1066 4145 1150 4200 28-
1168 4144 1208 4199 εε
1234 4141 1329 4197 ικοι
1344 4144 1383 4207 15,
1397 4144 1438 4198 ιε.
1456 4142 1490 4196 ει
1542 4110 1636 4179 πατρί

180 4246 661 4313 -521113585111051528

266 4446 486 4517 1συνέστηθ*,
504 4465 572 4504 corr.
591 4449 629 4502 W
653 4450 657 4516 Ι
681 4446 899 4516 455515555'
931 4448 935 4512 Ι
967 4440 1202 4512 δέξανίστασθαι
1221 4443 1272 4497 We
1302 4445 1306 4512 Ι
1336 4444 1375 4501 22
1393 4446 1439 4501 δεῖ
1454 4445 1492 4497 V²

181 4544 271 4620 δῆν*
303 4555 307 4619 Ι
340 4550 377 4607 25
396 4551 502 4620 συνήθη
520 4547 607 4619 ταίτη
618 4550 668 4617 W,
685 4566 754 4606 corr.
763 4549 808 4613 m,
826 4548 882 4619 vgl.
901 4548 926 4603 S.
938 4549 996 4614 170,
1014 4547 1048 4601 ‘29
1066 4546 1182 4614 συνήθει
1199 4543 1286 4615 ταύτῃ
1305 4548 1489 4619 (διαστρσφῇ)

185 4651 269 4721 λ’(ε.
287 4652 317 4706 Τ,
335 4651 420 4720 515)
453 4652 458 4720 Ι
491 4650 567 4707 251.
585 4646 846 4723 ἀποχρησάμενοςθ
864 4650 946 4705 Ιιοοίε
977 4651 982 4716 Ι
1013 4648 1049 4704 51
1068 4647 1169 4702 hiera.
1187 4647 1218 4701 Β.
1237 4641 1318 4703 55'v
