3698 5510
335 494 392 554 140
927 487 1061 543 Eusebius

332 646 448 737 (αὐτὸς
458 649 520 737 γὰρ
531 641 573 739 ἦν
589 646 747 740 ἦσοφία),
757 647 872 722 πάντα
882 673 936 723 σοι
951 646 1114 741 εῦροιΙσει,
1123 649 1267 740 μηδενὸς
1282 656 1461 735 δυσσεβοῦς
1472 649 1645 741 νοήματος

332 751 492 837 έμπυδών
513 752 707 837 ἱσταμένου,
730 757 1105 839 συνεπιμαρτυροῦντος
1128 756 1192 822 τοῦ
1212 744 1409 822 ἀποστόλου
1430 749 1583 835 Παύλου,
1606 746 1646 834 ῦς

332 847 396 919 τὸν
425 855 565 938 σωτῆρα
599 857 655 920 καὶ
686 848 806 938 κύριον
836 846 934 940 ἡμῶν
961 846 1087 940 Ἰησοῦν
1119 848 1270 939 Χριστὸν
1300 856 1438 943 λαμπρᾷ
1468 858 1510 939 τῇ
1541 859 1645 939 φωνῇ

332 955 456 1037 σοφίαν
483 947 660 1038 ω’νόμασεν
690 950 797 1020 είπών
831 950 997 1039 »Χριστός
1027 955 1112 1022 θεοῦ
1142 947 1281 1038 δύναμις
1311 957 1366 1020 καί
1396 955 1481 1022 θεοῦ
1510 959 1645 1038 σοφίαι.

297 1062 313 1113 5
332 1048 470 1120 τούτων
492 1041 560 1119 οῦδέ
580 1077 627 1137 πη
649 1056 981 1139 κατεσκευασμένων,
1015 1045 1214 1122 ἀκόλουθόν
1243 1053 1336 1120 ἐστιν
1357 1049 1442 1137 μετὰ
1464 1057 1537 1121 τῶν
1559 1077 1645 1138 προ·
1663 1074 1681 1128 8

332 1154 548 1219 εκτεθέντων
584 1142 750 1219 ἀπάντων
790 1153 825 1236 έξ
861 1145 966 1221 αῦτοῦ
1001 1155 1096 1238 Ιτοῦ>
1126 1147 1316 1237 προσώπου
1345 1156 1401 1220 καί
1432 1146 1472 1220 τὸ
1510 1146 1645 1238 »κύριος

330 1249 460 1318 ἔκτιοέν
479 1276 519 1336 με
541 1242 648 1337 ἀρχὴν
670 1241 763 1317 ὁδῶν
785 1244 893 1320 αῦτυῦ
915 1255 963 1331 εἰς
985 1253 1065 1338 ἔργα
1087 1246 1210 1320 αὐτοῦ(
1240 1254 1411 1336 λελέχθαι·
1442 1253 1472 1319 εί
1497 1254 1532 1318 δὲ
1553 1255 1644 1337 λέγει

330 1350 485 1418 ἐκτίσθαι
508 1342 645 1431 ἑαυτόν,
677 1343 738 1436 οῦχ
764 1344 812 1429 οίς
839 1352 875 1418 έκ
898 1355 962 1420 τοῦ
982 1347 1028 1438 μὴ
1060 1341 1163 1431 ὄντος
1192 1352 1239 1432 είς
1270 1346 1311 1419 τὸ
1342 1348 1427 1420 εἶναι
1457 1349 1645 1436 παρελθών

331 1440 425 1565 τοῦτ’
448 1442 491 1516 ἀν
517 1450 607 1518 εἴποι
629 1404 752 1517 666'
724 1478 772 1570 φς
799 1442 926 1536 ὁμοίως
949 1467 1020 1530 τοῖς
1043 1458 1177 1530 λοιποῖς
1198 1456 1376 1535 κτίσμασιν
1402 1456 1458 1518 καὶ
1480 1443 1584 1530 αὐτὸς
1606 1451 1645 1518 ἐκ

329 1642 488 1765 ῦφεστοὸς
508 1651 570 1732 μὲν
591 1653 648 1717 καὶ
676 1653 762 1732 ζων
793 1647 916 1735 προαίν
948 1677 985 1718 τε
1015 1655 1071 1718 και
1092 1644 1324 1737 προῦπάρχων
1346 1653 1406 1736 τῆς
1428 1653 1492 1717 τοῦ
1512 1646 1646 1730 παντὸς

330 1743 459 1834 κόσμου
480 1744 681 1830 συστάσεως
715 1756 720 1831 Ι
753 1744 868 1835 ἄρχειν
889 1752 945 1820 16'
967 1753 1004 1817 δὲ
1025 1775 1100 1818 των
1115 1740 1210 1819 ολων
1223 1776 1291 1818 οπο
1278 1746 1435 1837 κυρίου
1459 1774 1522 1817 του
1536 1775 1645 1817 αυτου
1666 1754 1722 1810 151

328 1841 470 1933 πατρός,
492 1851 796 1935 κατατεταγμένος,
819 1852 883 1920 τοῦ
907 1849 1072 1918 »ἔκτισενι
1097 1843 1294 1919 ἐνταῦθα’
1273 1852 1349 1918 αντὶ
1373 1852 1436 1918 τοῦ
1456 1852 1644 1932 κατέταξεν

330 1941 351 2034 Ι
372 1951 578 2035 κατέστησεν
600 1951 784 2034 εἰρημένου.
826 1943 1012 2035 διαρρήδην
1032 1952 1116 2034 γοῦν
1138 1945 1218 2029 τοῦς
1240 1951 1279 2018 έν
1300 1942 1544 2035 ἀνθρώποις”
1524 1972 1643 2034 αργον-
1660 1953 1679 2008 9

278 2059 311 2112 15
330 2074 392 2127 τας
421 2040 529 2116 καὶ(
508 2040 673 2133 ηγεμόνας
698 2053 809 2116 κτίσιν
831 2041 1008 2134 ω’νόμαοεν
1030 2074 1049 2116 ο
1039 2040 1180 2117 εείπεόν
1203 2042 1398 2130 ἀπόστολος
1431 2042 1644 2135 »ῦποτάγητε

329 2142 420 2234 πάση
442 2152 549 2215 κτίσει
572 2139 775 2232 ἀνθρωπίνη
801 2143 855 2216 διὰ
878 2143 942 2216 τὸν
963 2143 1095 2232 κύριον·
1126 2149 1194 2216 είτε
1214 2153 1343 2229 βασιλεῖ
1363 2143 1411 2227 ως
1432 2141 1642 2234 ῦπερέχοντι.

329 2248 396 2314 είτε
420 2240 577 2332 ἡγεμόσιν
599 2240 648 2326 οἷς
669 2239 714 2314 δι’
737 2240 846 2315 αὐτοῦ
866 2249 1123 2332 πεμπομένοιςι.
1158 2251 1214 2314 καὶ
1237 2240 1380 2317 όείπών
1401 2252 1438 2316 δὲ
1460 2241 1642 2334 προφήτης
1661 2257 1695 2312 10

332 2340 531 2432 »ἓτοιμάζου
552 2348 616 2413 τοῦ
637 2348 870 2414 ἐπικαλεῖσθαι
892 2342 956 2415 τὸν
977 2341 1064 2415 θεόν
1085 2367 1156 2429 σου,
1178 2340 1315 2434 Ἰσραήλ.
1357 2340 1446 2416 διότι
1472 2343 1546 2416 ίδοῦ
1568 2368 1642 2414 στε-

328 2451 417 2530 ρεοῦν
449 2440 599 2531 βροντὴν
628 2447 684 2513 καί
709 2451 836 2530 κτίζων
857 2451 989 2534 πνεῦμα
1018 2451 1075 2515 καὶ
1105 2438 1323 2532 ἀναγγέλλων
1354 2450 1401 2527 είς
1430 2439 1643 2533 ἀνθρώπους

275 2554 309 2608 20
329 2541 394 2613 τὸν
417 2541 568 2628 Χριστὸν
591 2538 714 2614 αῦτοῦι
748 2542 867 2614 καὶτὸ
897 2541 1081 2633 »γραφὴτω
1104 2538 1191 2633 αῦτη
1213 2549 1261 2626 είς
1282 2543 1402 2632 γενεὰν
1425 2545 1554 2631 ἑτέραν,
1584 2551 1642 2613 καὶ

328 2640 409 2723 λαὸς
440 2636 459 2712 6
490 2638 689 2731 κτιζόμενος
719 2647 841 2713 αἰνέσει
871 2641 935 2714 τὸν
964 2641 1099 2733 κῦριονι
1134 2640 1176 2715 τὸ
1206 2651 1334 2729 κτίζων
1364 2639 1460 2732 <οῦκ>
1490 2649 1545 2714 ἐπὶ
1576 2650 1643 2714 τοῦ

326 2738 510 2830 γεγονότος
534 2745 569 2826 ἐξ
591 2738 796 2830 ἀνυπαρξίας
817 2749 1034 2861 παρείληφεν.
1077 2738 1119 2814 06
1148 2742 1211 2832 γὰρ
1242 2741 1324 2815 τότε
1354 2746 1485 2815 ἔκτισεν
1511 2738 1532 2814 6
1557 2742 1642 2825 θεὸς

327 2838 368 2910 τό
391 2846 531 2926 πνεῦμα,
556 2832 614 2911 ὅτε
630 2839 693 2912 τὸν
709 2840 861 2928 Χριστὸν
883 2838 989 2913 αῦτου
974 2837 1056 2912 δι
1079 2837 1187 2914 αῦτυῦ
1208 2849 1314 2915 πᾶσιν
1336 2839 1537 2931 ἀνθρώποις
1558 2871 1641 2913 κατ-

326 2938 491 3030 ιΙγγειλεν·
528 2936 721 3028 οὐδὲνγὰρ
747 2938 968 3028 »πρόσφατον
989 2936 1057 3012 ῦπὸ
1080 2941 1144 3013 τὸν
1167 2938 1295 3044 ἥλιον(
1337 2937 1449 3014 ἀλλν
1436 2933 1479 3031 νΙν
1500 2949 1562 3030 μὲν
1583 2950 1640 3012 καὶ
1660 2958 1691 3010 11

273 3048 306 3102 25
325 3044 553 3128 προϋπῆρχεν,
576 3034 803 3111 ἀπεστέλλετο
826 3036 961 3110 δὲκαθ’
984 3033 1330 3131 ῦνκαιρὸνήσανολ
1353 3037 1541 3114 ἀπόστολοι
1564 3064 1641 3113 συν·

325 3145 477 3228 ηγμένοι
520 3131 579 3209 ότε
602 3143 700 3257 δίκην
721 3144 869 3227 βροντῆς
902 3143 1054 3228 »ἐγένετο
1082 3132 1163 3230 ιΙχος
1184 3146 1221 3212 έκ
1244 3148 1307 3212 τοῦ
1328 3136 1490 3231 οῦρανοῦ,
1521 3138 1640 3230 ὥσπερ

325 3245 514 3327 φερομένης
535 3243 644 3327 πνοῆς
666 3244 804 3322 βιαίαςι,
827 3237 1080 3327 έπληροόθησάν
1112 3268 1148 3311 τε
1180 3237 1390 3331 »πνεῦματος
1421 3236 1552 3331 ἀγίουι,
1582 3249 1639 3311 καί

409 3458 518 3514 ὅθ’-θ.
538 3462 596 3524 141,
616 3461 648 3512 14
666 3459 723 3528 vgl.
741 3459 866 3513 θοαευίατ
884 3459 911 3512 h.
929 3476 952 3514 α.
970 3460 994 3523 2,
1012 3461 1058 3516 21:
1080 3461 1130 3514 καί
1152 3457 1184 3516 ἐν
1200 3462 1286 3533 τρίτῳ
1304 3459 1334 3517 δὲ
1351 3459 1368 3516 6
1386 3459 1479 3527 αὐτός,
1497 3459 1638 3517 διδάσκων

323 3566 385 3625 πῶς
402 3561 496 3616 δεῖτὸ
513 3562 619 3629 κτίσμα
636 3562 687 3627 τιΙν
704 3557 779 3626 λέξιν
797 3553 970 3629 ἐκδέχεσθαι,
989 3557 1084 3617 τοιάδε
1097 3562 1193 3631 φησίν·
1213 3559 1324 3617 τούτων
1335 3562 1431 3618 τοίνυν
1448 3552 1637 3619 ὧδε-κατέ-

323 3668 398 3728 ταξε.
418 3667 537 3717 τοιαῦτα
555 3660 608 3728 μὲν
626 3657 643 3716 6
661 3659 796 3732 Εὐσέβιος
814 3658 846 3716 έν
862 3669 923 3727 τοῖς
940 3662 1012 3733 πρὸς
1030 3660 1201 3734 Μάρκελλον
1219 3661 1355 3729 διέξεισιν.
1374 3692 1407 3703 -
1426 3663 1447 3719 4
1464 3664 1475 3717 Ι
1494 3664 1638 3726 Κοε.1,24

322 3793 354 3802 -
373 3766 391 3817 6
410 3763 490 3817 Prov.
508 3763 533 3829 8,
551 3764 585 3816 22
603 3792 635 3801 -
655 3762 694 3817 Ῑθ
712 3763 791 3817 Ρεον.
809 3765 834 3825 8,
852 3764 886 3818 22
903 3791 936 3802 -
956 3763 993 3818 15
1011 3763 1024 3816 I
1041 3763 1100 3818 Ρεί.
1119 3765 1144 3831 2,
1162 3767 1203 3819 13.
1222 3768 1255 3819 14
1278 3794 1312 3804 -
1340 3765 1378 3820 18
1397 3768 1483 3821 Amoe
1499 3768 1524 3832 4,
1543 3766 1584 3820 12.
1605 3767 1637 3821 13

320 3893 353 3902 -
373 3864 412 3919 20
431 3864 475 3918 Ρο.
495 3865 553 3929 101,
571 3865 604 3918 19
622 3894 655 3903 -
674 3864 713 3919 24
733 3863 864 3933 Prediger
882 3867 905 3929 1,
923 3866 940 3918 9
957 3892 990 3903 -
1009 3865 1047 3920 26
1064 3865 1126 3920 Act.
1145 3867 1170 3931 2,
1188 3867 1212 3920 2.
1229 3869 1247 3920 4

404 4065 423 4119 5
441 4060 560 4132 τούτων]
579 4071 611 4128 -Ι-
629 4065 725 4119 τοίνυν
741 4063 815 4118 θυαε.
847 4064 852 4130 Ι
884 4053 939 4119 ὧδε
958 4059 1310 4134 έπικαταοκευαζομένων
1328 4067 1401 4122 θυαε.
1419 4067 1490 4135 Ιαυδ.
1508 4066 1636 4123 θίυεαπ

317 4165 426 4231 Euseb.)
459 4166 463 4233 Ι
495 4160 760 4234 θέξ-προοὼπον
778 4175 811 4225 <
829 4166 900 4221 θυαε.
933 4168 938 4234 Ι
969 4170 1022 4222 τοῦ
1042 4166 1087 4221 nb.
1106 4167 1131 4220 d.
1150 4166 1175 4220 Z.
1195 4168 1233 4221 V²
1258 4169 1263 4235 Ι
1293 4170 1307 4224 7
1334 4166 1410 4239 λέγει
1428 4169 1501 4223 θυαε.
1518 4166 1634 4238 λέγοιθ

319 4268 467 4335 ,θταῦτα
487 4268 559 4320 θυαε.
591 4268 597 4336 Ι
629 4263 737 4334 δμοίως
754 4268 826 4322 nach
845 4261 928 4333 ὄντος
945 4269 1016 4323 θυαε.
1050 4272 1054 4335 Ι
1089 4268 1127 4323 Ῑθ
1154 4266 1239 4336 6V*,
1257 4286 1325 4325 αυεε.
1344 4269 1395 4334 V²;
1413 4266 1430 4324 6
1449 4271 1522 4326 θυαε.
1555 4272 1560 4336 Ι
1594 4271 1632 4325 12

315 4364 380 4437 6716]
405 4375 437 4431 4
464 4375 517 4424 τοῦ
540 4368 613 4422 θυαε.
646 4368 651 4434 Ι
683 4362 786 4423 ἑαυτοῦ
811 4367 883 4423 θυαε.
916 4369 921 4435 Ι
954 4369 992 4423 14
1013 4361 1064 4424 οὖν
1086 4370 1160 4425 θυαε.
1192 4374 1197 4439 Ι
1230 4371 1291 4427 141
1305 4368 1467 4442 ὑποτάγητε
1485 4363 1538 4426 οῦν
1553 4368 1633 4440 πάση

316 4466 483 4539 ἀνθρωπίνη
500 4470 589 4525 κτίσει
607 4470 679 4523 θυαε.
704 4470 708 4536 Ι
734 4469 846 4524 20-21
865 4468 1060 4539 καίί-κκίριον
1077 4481 1110 4531 <
1127 4473 1210 4539 θυαε,
1229 4471 1372 4528 εἰεῙίοίαΙείι
1389 4472 1441 4528 mit
1457 4472 1547 4528 nocht
1566 4474 1571 4540 Ι
1593 4474 1630 4528 21

316 4567 368 4624 οὐκ
390 4571 463 4623 θυαε.
495 4570 500 4636 Ι
536 4565 591 4637 ἐπίΙ
618 4565 651 4623 έκ
677 4569 750 4624 θυαε.
783 4572 788 4637 Ι
821 4570 861 4625 23
891 4563 927 4624 δι’
952 4569 1041 4626 αὐτοῦ
1062 4583 1095 4632 <
1121 4573 1194 4628 θυαε.
1221 4573 1311 4643 (nicht
1327 4572 1453 4643 Niceph.)
1486 4575 1491 4641 Ι
1524 4575 1563 4630 27
1590 4573 1632 4643 τε]

314 4668 344 4724 δε
362 4670 435 4724 θυαε.
