3728 5508
663 493 760 546 eontra
776 491 937 549 Marcellum
955 496 967 548 I
985 497 1009 549 3.
1027 496 1052 549 4.
1453 501 1490 561 17

186 662 373 726 σκοτεινῶν
395 651 524 744 λόγων,
555 652 666 745 δήσεις
688 684 725 727 τε
747 663 868 744 σοφῶν
890 663 945 726 καί
968 662 1181 746 αἰνίγμαται,
1212 662 1268 726 καὶ
1294 653 1399 728 πόλιν
1423 661 1491 727 ιδέ-
1508 667 1541 722 15

186 765 308 840 ξασθαι
330 756 481 843 στροφὰς
503 751 647 844 λόγωνι.
690 753 775 847 ἀδὴ
797 763 852 828 καὶ
883 751 996 840 ούτως
1026 759 1149 845 ἔχοντα
1179 761 1216 827 ἐκ
1246 763 1320 827 τῶν
1350 760 1491 845 ἐμφερο·

185 860 299 943 με’νων
322 862 364 944 τῇ
384 862 489 944 βίβλῳ
510 867 722 944 καταμαθεῖν
743 854 871 948 ῥᾴδιον,
903 855 1018 940 ἄλλως
1039 853 1081 928 ού
1102 861 1299 945 δυναμένων
1322 861 1490 945 νοηθῆναι

185 950 206 1041 ἢ
228 953 391 1027 διιόντων
413 950 510 1045 ἡμῶν
531 960 569 1027 ἐκ
590 961 653 1045 τῆς
673 964 855 1045 προχείρου
882 960 1005 1042 λέξεως
1034 960 1090 1028 ἐπὶ
1120 954 1183 1027 τόν
1213 958 1249 1042 ἐξ
1279 951 1383 1044 αύτῆς
1405 967 1492 1027 θεω-

153 1053 351 1144 θρούμενον
368 1061 462 1127 νοῦν·
498 1051 575 1127 οἱόν
596 1058 690 1128 ἐστιν
710 1054 751 1127 τὸ
770 1063 831 1145 »τῇ
852 1062 974 1145 βδέλλῃ
997 1074 1086 1146 τρεῖς
1107 1061 1292 1144 θυγατέρες
1314 1049 1400 1143 ἦσαν
1414 1051 1492 1144 ἀγα·

184 1152 282 1243 πήσει
299 1152 527 1244 ἀγαπῶμεναι,
549 1162 606 1227 καὶ
621 1159 655 1227 αἱ
677 1174 767 1244 τρεῖς
788 1148 890 1229 αύται
912 1152 975 1228 ούκ
996 1160 1225 1227 ἐνεπίπλασαν
1248 1152 1365 1245 αύτήν.
1399 1151 1492 1245 καὶὴ

185 1252 332 1344 τετάρτη
364 1250 426 1326 σύκ
456 1252 605 1345 ἠρκέσθη
635 1260 741 1328 είπεῖν
771 1252 926 1341 ἱκανόνι,
954 1259 960 1345 Ι
986 1262 1042 1327 καὶ
1071 1252 1109 1346 »ἦ
1137 1263 1242 1342 σοφία
1272 1252 1491 1345 ᾠκοδόμησεν
1509 1262 1615 1330 16118

185 1356 286 1444 ἑαυτῇ
309 1357 415 1440 οἶκον,
438 1362 493 1426 καὶ
511 1350 689 1444 ύπήρεισεν
703 1354 847 1440 στύλους
868 1352 967 1428 ἐπτύ·
990 1357 1133 1442 ἔσφαξεν
1152 1354 1196 1427 τὰ
1211 1356 1331 1445 ἑαυτῆς
1346 1354 1493 1443 θύματα,

185 1458 342 1543 ἐκέρασεν
358 1460 403 1538 είς
417 1461 568 1545 κρατῆρα
583 1453 647 1526 τόν
669 1456 790 1546 ἑαυτῆς
812 1458 939 1540 οἱνσνι,
961 1462 1017 1526 καὶ
1039 1449 1102 1528 όσα
1124 1455 1213 1528 ἀλλα
1235 1453 1372 1538 τούτοις
1387 1482 1492 1543 παρα·

139 1566 170 1618 10
184 1554 324 1643 πλήσια,
348 1550 408 1641 ούχ
430 1555 555 1643 ἑτέρως
576 1555 704 1626 δυνατὰ
728 1566 894 1639 νοεῖσθαι,
925 1547 1005 1627 ούτε
1026 1563 1215 1645 προχείρως
1237 1549 1316 1627 ούτε
1340 1559 1376 1623 ἔκ
1397 1582 1493 1637 τινος

185 1657 349 1742 ἱστορίας,
380 1660 410 1725 εί
430 1653 584 1744 μὴκατὰ
605 1652 715 1745 μόνην
736 1654 934 1746 μεταφορὰν
955 1662 1010 1727 καὶ
1033 1651 1255 1744 ἀναστροφὴν
1277 1660 1338 1743 τῆς
1363 1658 1493 1740 λέξεως.

185 1757 217 1823 αἱ
238 1751 267 1823 δ
291 1759 480 1825 ἐκτεθεῖσαι
504 1761 576 1825 τῶν
595 1749 769 1842 Ἑλλήνων
793 1763 968 1845 παροιμίαι
997 1751 1066 1827 ἀπό
1098 1783 1207 1825 τινων
1237 1757 1399 1841 ἱστοριῶν
1429 1752 1491 1836 τάς

185 1850 287 1942 ἀρχὰς
302 1851 487 1944 εἰλήφασιν.
514 1852 555 1925 τό
571 1853 632 1942 γὰρ
648 1863 681 1923 Η
697 1862 949 1926 ΤΕΘΝΗΚΕΝ
962 1864 998 1924 Η
1008 1861 1226 1925 mmm
1237 1858 1491 1924 ΓΡΑΜΜΑΤΑ
1509 1856 1540 1909 17

185 1954 239 2023 διὰ
260 1952 379 2044 τήνδε,
411 1961 528 2043 φησίν,
560 1957 683 2041 ἐλέχθη
706 1953 771 2043 τὴν
792 1958 957 2045 ἱστορίαν,
988 1963 1044 2026 καὶ
1067 1950 1107 2025 δι’
1131 1955 1251 2042 ἑτέραν
1271 1949 1377 2024 πόλιν
1398 1981 1490 2041 γενσ·

139 2063 170 2116 15
185 2059 287 2142 μένην
310 2059 442 2124 τοιανδὶ
472 2059 596 2138 πρᾶξιν
627 2053 667 2125 τό
690 2059 772 2129 ΛΙΞ
793 2063 888 2124 ΤΗΝ
904 2060 1156 2126 ΜΑΧΑΙΡΑΝ
1180 2056 1321 2143 εἴρηται·
1365 2058 1420 2123 καὶ
1451 2052 1491 2124 τὸ

186 2158 302 2222 Am
320 2158 408 2222 m
407 2161 469 2223 ΟΣ
488 2149 667 2237 ῶσαύτως,
698 2152 753 2225 διὰ
776 2154 816 2227 τό
838 2150 1168 2242 βαλανηφαγοῦντάς
1188 2181 1275 2225 ποτε
1297 2152 1493 2225 παύσασθαι

187 2257 246 2340 τῆς
268 2251 432 2340 τοιαύτης
447 2259 585 2341 τροφῆς.
622 2258 702 2325 εἰδὲ
723 2261 780 2326 καὶ
803 2251 957 2336 Γλαῦκός
979 2283 1030 2338 τις
1052 2251 1248 2343 ἐπιστήμων
1264 2258 1384 2341 τέχνης
1399 2250 1494 2335 τινὸς

186 2353 393 2439 γεθό1γονῶς
415 2351 589 2440 διαφόρως
610 2351 846 2443 ἐμνημονεύθη
868 2353 961 2439 παρὰ
984 2373 1056 2435 τοῖς
1076 2351 1161 2440 μετὰ
1184 2358 1292 2423 ταῦτα
1322 2348 1493 2441 διαφωνή-

187 2474 283 2522 σασιν
313 2456 351 2522 ἐν
382 2458 432 2540 τῶ
463 2460 539 2541 περὶ
566 2449 671 2525 αύτοῦ
694 2452 800 2543 λόγῳ,
832 2461 866 2524 τί
895 2459 1001 2525 τοῦτο
1032 2450 1118 2540 πρὸς
1148 2451 1210 2535 τὰς
1242 2449 1494 2533 θεοπνεύστσυς

137 2566 169 2620 20
185 2557 389 2640 Παροιμίας;
425 2547 466 2623 ού
486 2551 549 2640 γὰρ
572 2547 699 2641 ὁμοίως
721 2570 795 2636 ταῖς
816 2545 1020 2642 Ἑλληνικαῖς
1040 2559 1236 2641 παροιμίαις
1257 2557 1314 2622 καί
1335 2543 1435 2623 αὗται
1458 2554 1494 2621 ἔκ

186 2680 282 2733 τινος
303 2653 454 2739 ἱστορίας
475 2651 542 2740 τὴν
563 2650 660 2724 λύσιν
674 2656 897 2742 ἐπιδέχονται.
932 2649 1075 2740 ἀμαθῶς
1097 2651 1162 2741 ἀρα
1184 2660 1240 2722 καί
1262 2647 1411 2739 ἀπείρως
1432 2656 1494 2739 τῆς

185 2758 257 2821 τῶν
283 2759 391 2821 θείων
412 2759 555 2840 γραφῶν
577 2759 726 2840 θεωρίας
748 2749 789 2824 ού
809 2748 927 2839 μόνον,
958 2750 1047 2825 ἀλλά
1068 2759 1124 2823 καί
1146 2755 1313 2834 ἐναντίως
1336 2757 1387 2840 τῷ
1409 2746 1493 2821 ἀπο-

184 2845 300 2939 οτύλῳ
324 2847 520 2939 Μάρκελλος
547 2851 627 2935 τούς
647 2847 821 2942 Ἑλλήνων
847 2851 975 2939 σοφούς
1005 2848 1243 2941 <ἐν>τοχόντας
1274 2866 1348 2933 ταῖς
1370 2856 1492 2938 Παροι-

184 2958 276 3037 μίαις
297 2956 508 3039 Σολομῶνος
536 2960 660 3041 μαθεῖν
689 2959 743 3021 καὶ
775 2958 923 3040 ζηλῶσαι
953 2948 994 3022 τό
1025 2948 1244 3039 προφητικὸν
1273 2946 1407 3040 γράμμα
1437 2959 1492 3020 καὶ

137 3069 169 3125 25
185 3048 246 3121 τὸν
272 3046 379 3122 αύτόν
400 3053 518 3139 ἐκείνῳ
539 3047 668 3139 γρύφαι
689 3047 821 3138 τρόπον
843 3046 1053 3140 ἀπεφήνατο.
1101 3048 1240 3122 τούτων
1268 3046 1345 3139 ἡμῖν
1368 3055 1494 3139 είρημέ-
1512 3059 1545 3114 18

185 3178 259 3221 νων
290 3156 337 3232 είς
368 3145 541 3236 ἀπόδειξιν
574 3156 637 3221 τοῦ
666 3157 749 3241 μηδὲ
780 3170 852 3233 ταῖς
882 3157 991 3232 θείαις
1019 3169 1162 3239 γραφαῖς
1198 3143 1239 3219 όν
1270 3149 1334 3240 χρὴ
1361 3146 1495 3237 τρόπον

185 3252 442 3337 ἐντετυχηκέναι
473 3248 537 3322 τὸν
572 3249 693 3339 ἄνδρα,
724 3261 821 3322 καλεῖ
849 3248 890 3339 δὴ
920 3247 1036 3334 καιρὸς
1065 3258 1122 3320 καὶ
1152 3248 1216 3338 τὴν
1243 3245 1303 3338 ούχ
1329 3245 1406 3337 ύγιῆ
1433 3253 1495 3337 τῆς

184 3353 333 3431 πίστεως
358 3345 466 3421 αύτοῦ
492 3345 596 3435 δόξαν
616 3353 877 3436 ἐπισκέψασθαι,
901 3345 950 3432 ῶς
975 3353 1116 3421 ἐναντία
1138 3345 1292 3434 δοξάζων
1313 3355 1356 3438 τῇ
1378 3353 1495 3436 ἐκκλη-

185 3454 340 3536 σιαστικῇ
361 3454 557 3540 διδασκαλία
580 3445 688 3539 αύτὴν
713 3478 752 3521 τε
774 3457 830 3521 καὶ
846 3449 928 3532 τούς
942 3455 1165 3540 προεστῶτας
1187 3445 1292 3538 αύτῆς
1313 3453 1495 3530 διέβαλλεν.

138 3566 169 3623 θί)
267 3553 290 3621 4
318 3544 419 3637 Θὴσω
446 3554 482 3619 δέ
506 3557 630 3638 πρῶτα
656 3545 698 3621 δι’
720 3542 771 3622 ῶν
798 3567 870 3633 τοῖς
897 3545 1013 3638 ὀρθῶς
1034 3556 1091 3620 καὶ
1112 3553 1397 3637 ἐκκλησιαστικῶς
1417 3546 1557 3635 you-1311
1582 3552 1631 3621 τίν
1650 3568 1679 3605 ¹⁶

185 3667 296 3734 φεῖσιν
326 3645 515 3738 ἀντιλέγειν
539 3657 712 3738 πειρᾶται,
735 3648 927 3735 διαβάλλων
950 3650 1029 3732 τοὺς
1056 3646 1268 3737 γράφοντας,
1290 3652 1346 3717 καί
1372 3675 1494 3735 μονον·
1512 3617 1679 3756 {mma

185 3755 257 3837 ουχὶ
291 3745 473 3838 πάμμαχον
504 3748 744 3840 σονιστάμενος
779 3747 897 3839 ἀγῶνα
932 3750 1019 3838 πρὸς
1047 3746 1188 3832 πάντας.
1236 3747 1314 3836 ἄρτι
1340 3754 1402 3836 μέν
1433 3745 1494 3836 χάρ
1520 3755 1675 3836 δυσκολίαν

184 3848 270 3934 πρὸς
291 3845 463 3936 Ἀστέριον
489 3849 554 3938 τὴν
580 3844 777 3938 ἀντίρρησιν
800 3869 958 3929 ποιεῖται,
982 3848 1060 3935 ἄρτι
1082 3855 1117 3919 δὲ
1138 3848 1225 3936 πρὸς
1248 3843 1409 3931 Εύσέβιον
1431 3844 1494 3917 τὸν
1527 3824 1667 3961 {mxi

1519 3977 1569 4041 τας
1587 3955 1672 4024 αὐτῆς

272 4070 287 4124 1
312 4070 391 4123 Ρτοι.
410 4073 469 4137 1,3
494 4099 528 4109 -
555 4070 671 4125 όΡιοτ,
690 4072 782 4134 2150
808 4099 841 4108 -
870 4070 884 4124 7
910 4069 990 4124 Prov.
1008 4070 1065 4135 9,1
1093 4101 1127 4109 -
1155 4070 1225 4125 1211
1246 4068 1434 4139 vgl.Nr.112
1460 4097 1493 4105 -
1510 4028 1664 4095 δἐβαλλη

189 4171 221 4226 17
245 4169 299 4240 vgl.
318 4170 365 4225 Nr.
385 4174 435 4227 112
452 4201 485 4209 —
503 4171 647 4241 2311ng
666 4171 772 4226 Nr.112
785 4188 809 4225 ιι
822 4170 867 4235 Ε.;
886 4171 957 4226 doch
975 4171 1085 4226 scheint
1097 4170 1231 4227 Eusebius
1249 4170 1307 4224 hier
1321 4169 1370 4222 das
1387 4172 1493 4237 μαθεῖν

188 4270 315 4326 Marcelle
334 4271 423 4326 faloch
441 4272 612 4342 angebraeht
630 4291 664 4326 zu
680 4272 773 4328 haben

271 4456 287 4510 1
307 4462 462 4512 σκοτεινῶν
483 4455 587 4526 λόγων]
605 4457 624 4511 1.
642 4459 691 4513 καί
709 4455 856 4515 σκοτεινόν
873 4457 962 4527 λόγον
979 4457 1031 4511 mit
1048 4455 1142 4510 Lxx?
1162 4456 1167 4522 Ι
1186 4455 1282 4510 θ-Ιθ
1299 4454 1493 4525 παραπλήσια]

185 4564 217 4621 -1-
235 4551 253 4611 ἱί
272 4556 330 4626 V²l
347 4558 385 4613 10
402 4555 518 4614 δύναται
536 4560 583 4627 ml
606 4558 644 4615 14
662 4576 748 4629 φασιν
765 4563 827 4627 mr!
853 4559 889 4614 15
907 4556 1019 4613 τοιάνδε
1038 4557 1114 4611 Zahn
1140 4558 1144 4623 Ι
1168 4553 1301 4627 είρῆσθαι
1321 4556 1352 4619 V,
1371 4573 1439 4610 corr.
1458 4555 1493 4608 Kl

209 4658 247 4714 28
265 4655 433 4729 ἐντυχόντας
452 4661 488 4714 Κ1
507 4663 563 4731 vgl.
582 4661 608 4718 S.
627 4666 668 4728 15,
686 4664 727 4717 30.
747 4664 786 4723 16,
805 4661 913 4726 20128
933 4655 965 4723 ὃς
982 4660 1029 4712 Mo

238 4745 358 4789 Eusebius
372 4744 413 4791 IV.
1275 4744 1291 4797 2
