3674 5506
657 450 709 506 Die
726 452 891 522 Fragmenta
908 453 1043 509 Marcelle.
1440 464 1498 526 201

192 618 278 684 φησίν
299 612 364 672 »οδκ
381 614 495 686 ἐγένετο
514 612 606 683 ἄλλος,
624 622 674 676 καλ
690 614 751 690 μετ’
770 617 821 690 ἐμὲ
838 618 890 675 οόκ
908 614 994 688 ἔσται,
1013 617 1071 690 ἐγὼ
1090 621 1165 687 θεός,
1183 624 1233 677 καί
1250 621 1303 679 οόκ
1321 616 1399 679 έσται
1411 622 1503 695 παρέξ

191 699 262 769 ἐμοῦ
280 693 404 774 σῴζωνι.
439 700 467 759 εί
490 703 520 758 δέ
546 702 679 774 βοόλεται
704 705 753 759 καί
771 700 869 776 ἑτέρου
887 712 1064 775 προφητικοῦ
1089 703 1209 762 ἀκοῦσαι
1231 706 1329 777 ῥητοῦ,
1352 706 1426 778 τάχα
1444 727 1501 763 που

192 780 265 855 πρός
291 781 379 842 αὐτόν
409 790 458 844 καὶ
488 788 554 854 τοὺς
581 779 689 857 ὁμοίοις
719 791 785 859 περὶ
815 789 954 858 θεότητος
985 787 1060 861 αὐτῷ
1090 789 1283 859 διακειμένους
1312 791 1500 863 λεχθένίτοςᾏ,

157 867 320 947 5άκουέτιο
343 869 430 927 αὐτοῦ
446 864 563 929 Ἠσαίου
584 873 720 944 λέγοντος
739 875 963 943 μετανοήσατε,
990 872 1018 929 σί
1035 871 1232 943 πλανώμενοι,
1259 874 1448 946 ἐπιστρέψατε
1468 883 1502 947 τῇ

191 956 302 1029 καρδίᾳ,
319 958 368 1012 καί
386 959 531 1027 μνήσθητε
549 956 584 1015 τά
603 957 729 1029 πρότερα
747 956 806 1014 ἀπὸ
824 966 875 1013 τοῦ
893 955 1010 1024 αἰῶνος,
1034 955 1078 1015 ότι
1095 956 1153 1029 ἐγὼ
1172 956 1188 1014 ό
1207 960 1276 1025 θεὸς
1292 963 1341 1016 καί
1359 959 1412 1017 οόκ
1425 956 1500 1017 ἔστιν

193 1041 266 1108 πλήν
282 1037 377 1108 έμοῦι.
414 1040 467 1097 οὐκ
489 1037 580 1099 εἶπεν·
609 1040 667 1114 έγὼ
689 1042 771 1110 θεός,
796 1038 845 1098 ἵνα
866 1045 917 1098 καί
938 1042 983 1099 διὰ
1001 1050 1050 1112 τῆς
1068 1051 1119 1098 τοῦ
1137 1039 1249 1116 ἀρθρου
1266 1046 1432 1115 προσθήκης
1449 1040 1501 1101 ἕνα

193 1122 264 1180 θεὸν
282 1120 351 1182 όντα
370 1133 469 1196 σαφῶς
486 1124 615 1197 ἐπιδείξῃ.
650 1130 678 1184 τί
696 1126 726 1185 δέ
743 1129 792 1183 καὶ
804 1121 890 1198 Ὠσηὲ
908 1124 924 1183 ό
942 1131 1102 1199 προφήτης;
1132 1127 1166 1185 οδ
1191 1131 1241 1185 καὶ
1268 1122 1354 1194 αι’πός
1375 1128 1410 1185 τὰ
1429 1128 1500 1185 αὐτὰ

193 1216 338 1278 μαρτυρεῖ,
359 1206 432 1280 »ἐγὼ
450 1207 596 1281 ἀνήγαγόν
614 1230 646 1269 σε
665 1209 696 1279 ἐξ
712 1210 871 1282 Αίγόπτουι
892 1211 984 1283 λέγων
1004 1216 1067 1268 »καί
1084 1212 1156 1269 θεόν
1176 1216 1249 1282 πλήν
1261 1210 1332 1281 ἐμοῦ
1351 1211 1385 1268 οὐ
1397 1211 1500 1284 γνὼση,

141 1322 178 1377 10
194 1296 242 1348 καί
260 1288 358 1368 σῴζων
381 1292 434 1350 οόκ
456 1289 531 1351 ἔστιν
554 1296 646 1369 παρέξ
662 1296 763 1365 έμοῦ«;
786 1289 870 1362 αὖθίς
890 1315 922 1353 τε
941 1290 957 1352 δ
976 1299 1130 1367 Μαλαχίας
1149 1299 1228 1368 »οόγλ
1247 1297 1318 1362 θεός
1334 1290 1375 1363 εἷς
1392 1294 1500 1356 έκτισεν

195 1372 292 1445 όμᾶς;«
314 1381 398 1447 φησίν
420 1378 497 1450 »οόχί
515 1382 608 1451 πατήρ
626 1375 667 1446 εἶς
683 1380 800 1438 πάντων
818 1377 924 1449 όμῶν;«
945 1378 1017 1437 ἀλλά
1035 1375 1087 1437 τόν
1100 1384 1189 1437 Δαυίδ
1200 1385 1282 1452 φήσει
1294 1400 1351 1437 που
1364 1376 1501 1453 Ἀστέριος

193 1462 280 1529 μηδέν
303 1462 446 1534 εἰρηκέναι
469 1467 534 1536 περὶ
556 1464 672 1530 τούτου,
699 1467 793 1522 καίτοι
810 1464 1006 1538 πρεσβότατον
1023 1464 1101 1537 παρὰ
1120 1466 1227 1523 Μαισὲα
1245 1474 1303 1523 τῶν
1320 1462 1415 1522 ἀλλων
1432 1486 1501 1537 προ-

195 1552 291 1615 φητῶν
317 1543 399 1615 ὄντα,
425 1552 475 1605 καὶ
500 1549 545 1607 διὰ
572 1559 657 1607 τοῦτο
676 1549 860 1622 ἀμφιγνοεῖν,
888 1544 945 1605 εἴτε
971 1548 1021 1606 δύο
1043 1549 1130 1616 θεοὺς
1147 1547 1300 1608 ὑποστάσει
1318 1550 1502 1623 διῃρημένους

194 1631 318 1698 νομιζειν
345 1626 418 1690 εἶναι
444 1638 584 1705 προσήκει
609 1631 666 1693 εἴτε
691 1637 741 1692 καὶ
766 1637 813 1705 μή.
849 1631 952 1691 οὐκοῐν
977 1631 1026 1690 ἵνα
1051 1637 1089 1705 μή
1116 1644 1199 1691 τοτ’τσ
1226 1635 1305 1708 λέγη,
1338 1634 1502 1693 ἀκόλουθον

144 1751 178 1803 15
194 1714 318 1785 ήγοῦμαι
343 1719 393 1773 καί
418 1714 507 1773 αὐτὸν
533 1716 668 1788 ἐπιδεῖξαι
694 1717 769 1790 αὐτῷ
792 1720 827 1776 τά
850 1717 921 1775 αότδι
939 1727 999 1784 τοῖς
1021 1719 1239 1791 προειρημένοις
1255 1717 1347 1792 άγίοις
1366 1721 1499 1792 λέγοντα·

197 1793 364 1857 »ἀκουσονπ
393 1804 478 1872 φησὶν
498 1803 582 1870 »λαός
606 1826 675 1874 μου,
702 1807 751 1862 καὶ
774 1806 886 1873 λαλήσω
905 1817 962 1859 σοι·
990 1798 1107 1875 Ἰσραήλ,
1135 1808 1184 1860 καί
1202 1805 1430 1877 διαμαρτόρσμαί
1447 1822 1500 1860 σοι.

194 1880 245 1939 έάν
271 1880 393 1954 ἀκούσης
416 1905 485 1954 μου,
512 1887 565 1945 οόκ
586 1884 664 1946 ἔσται
690 1888 721 1946 έν
748 1893 794 1946 σολ
819 1887 889 1953 θεὸς
915 1883 1094 1959 πρόσφατος,
1121 1888 1186 1947 οὐδέ
1211 1893 1416 1962 προσκυνήσεις
1440 1893 1500 1960 θεῷ

195 1967 343 2045 ἀλλοτρίῳ.
379 1968 437 2042 ἐγὼ
463 1970 519 2044 γάρ
546 1972 604 2042 εἰμι
629 1974 727 2047 κόριος
753 1966 770 2030 δ
795 1970 866 2039 θεός
888 1992 964 2029 nov«.
1000 1966 1017 2029 ό
1043 1969 1131 2029 αὑτὸν
1157 1970 1311 2040 ἐπιδεικνὺς
1335 1978 1384 2031 καί
1411 1974 1501 2045 λέγων

197 2050 270 2125 »έγάι
288 2053 370 2124 εἰμιε,
389 2056 423 2113 οὐ
440 2048 525 2125 δῆλός
544 2055 620 2114 ἐστιν
638 2054 689 2114 ἕνα
707 2054 780 2116 θεὸν
797 2054 889 2127 μόνον
907 2052 980 2114 εἶναι
997 2056 1096 2127 λέγων,
1114 2055 1261 2114 τουτέστιν
1277 2055 1394 2123 έαυτόν;

279 2223 324 2278 Nr.
344 2226 376 2278 77
395 2225 445 2292 (Re
463 2226 506 2293 68)
531 2228 561 2280 τί
582 2217 645 2289 οὗν;
672 2225 699 2281 εί
722 2229 760 2295 μή
784 2232 823 2295 τῷ
841 2223 980 2294 πνεύματι
998 2225 1188 2296 προσέχοντες
1205 2225 1320 2294 δυνάμει
1340 2224 1502 2296 ἀδιαίρετον

195 2307 245 2374 τήν
262 2305 374 2374 μονάδα
392 2303 465 2365 εἶναι
483 2311 657 2378 νομίζοιμεν,
677 2302 734 2383 ἀρα
753 2309 803 2381 οὐχ
822 2305 1059 2381 ἁμαρτησόμεθα,
1079 2316 1178 2378 σαφῶς
1188 2319 1241 2366 τοῦ
1251 2306 1341 2381 λόγου
1357 2310 1501 2367 διδάσκον·

195 2409 243 2456 τος
269 2391 344 2460 ήμᾶς
372 2392 485 2466 »κόριον
510 2389 562 2449 τόν
588 2389 659 2450 θεόν
682 2412 734 2451 σου
755 2396 959 2462 προσκυνήσεις
980 2395 1030 2449 καὶ
1052 2391 1128 2465 αὐτῷ
1145 2389 1227 2468 μόνῳ
1246 2394 1431 2466 λατρεύσειςι.
1468 2391 1500 2450 τὸ

196 2472 264 2532 αδτό
284 2475 314 2533 δέ
330 2481 379 2533 καί
396 2479 441 2535 διὰ
459 2486 510 2533 τοῦ
526 2478 600 2535 κατὰ
619 2481 742 2550 Μᾶρκον
761 2477 936 2548 Εὐαγγελίου
953 2476 1094 2547 κηρέττει·
1122 2473 1188 2543 ἑνός
1205 2477 1261 2549 γάρ
1278 2496 1355 2543 τινος
1373 2498 1501 2548 γραμμα·

196 2560 266 2627 τέως
283 2559 497 2630 προσελθόντος
519 2562 595 2637 αἰτῶ
612 2567 661 2619 καί
678 2563 909 2633 πυνθανομένου,
927 2564 968 2627 τίς
985 2559 1028 2631 εἴη
1046 2559 1145 2633 πρώτη
1163 2569 1221 2618 τῶν
1238 2561 1370 2629 ἐντολῶν,
1389 2560 1502 2630 ἀπεκρί·

145 2677 179 2732 25
196 2665 265 2701 νατο
283 2641 356 2718 πρός
373 2644 461 2702 αὐτόν
479 2642 569 2713 οάτως
587 2645 676 2704 εἰπὼν
697 2646 826 2704 »πάντων
844 2654 971 2718 πρῶτον·
1000 2642 1100 2713 ἀκουε,
1127 2641 1247 2718 Ἰσραήλ,
1274 2646 1372 2719 κέριος
1395 2639 1411 2701 ό
1433 2642 1503 2711 θεός

196 2732 276 2799 ήμῶν
292 2729 389 2800 κόριος
406 2723 447 2796 εἷς
464 2728 551 2801 ἔστιν,
577 2735 626 2788 καὶ
649 2731 804 2801 ἀγαπήσεις
825 2732 925 2803 κόριον
949 2727 1002 2789 τὸν
1027 2726 1099 2787 θεόν
1123 2749 1175 2787 σου
1198 2729 1228 2798 ἐξ
1254 2726 1321 2800 όλης
1346 2737 1395 2798 τῆς
1412 2735 1503 2801 ψυχῆς

196 2832 247 2869 σου
263 2817 314 2870 καί
331 2813 364 2881 έξ
380 2810 447 2884 όλης
464 2822 513 2884 τῆς
531 2815 626 2886 ἰσχύος
643 2834 701 2872 σου.
721 2811 790 2887 αὕτη
809 2814 920 2889 πράιτη·
937 2818 986 2871 καί
998 2813 1114 2887 δευτέρα
1127 2813 1214 2882 ὁμοία
1226 2815 1327 2884 ταότη·
1346 2813 1503 2886 ἀγαπήσεις

195 2901 245 2956 τόν
262 2902 381 2966 πλησίον
400 2918 451 2955 σου
473 2895 514 2965 ὣς
531 2899 659 2957 σεαυτόν.
694 2902 799 2970 μείζων
817 2900 925 2957 τοέτον
947 2897 1018 2968 άλλη
1041 2896 1140 2969 έντολή
1165 2898 1217 2955 οὐκ
1239 2896 1322 2955 ἔστιν.
1356 2901 1406 2955 καί
1423 2894 1503 2955 εἶπεν

195 2982 271 3051 αὐτῷ
291 2982 307 3037 ό
326 2983 522 3055 γραμματεύς·
550 2989 657 3051 καλῶς,
683 2984 843 3051 διδάσκαλε,
871 2979 916 3043 ἐπ’
933 2978 1069 3055 ἀληθείας
1087 2978 1170 3049 εἶπας
1187 2980 1231 3039 ότι
1249 2977 1290 3049 εἷς
1307 2981 1382 3040 ἐστιν
1400 2981 1416 3037 ό
1434 2984 1503 3048 θεδς

146 3103 179 3157 30
194 3072 243 3125 καί
261 3068 312 3124 σι”κ
330 3065 405 3125 έστιν
418 3070 490 3137 πλήν
508 3066 621 3124 αότοῦσ.
652 3065 714 3125 ἀλλ’
731 3068 813 3139 όμέν
830 3069 1014 3141 γραμματεὺς
1031 3068 1075 3124 διὰ
1094 3076 1145 3124 τοῦ
1157 3068 1248 3138 νόμου
1265 3071 1317 3137 τήν
1333 3067 1503 3140 θεοσέβειαν

195 3151 393 3222 μεμαθηκέναι
415 3155 520 3219 δοκῶν,
547 3149 672 3209 έπαινῶν
693 3156 726 3211 τό
749 3164 800 3210 τοῦ
819 3165 946 3227 σιοτήρος
963 3153 1050 3224 ῥητόν
1068 3154 1200 3221 φαίνεται
1230 3148 1344 3219 »ἄκουἐ,
1371 3145 1502 3223 Ἱσραήλι,

196 3236 330 3307 λέγοντος
349 3236 460 3307 »κύριος
477 3235 493 3292 ό
512 3240 582 3304 θεός
599 3257 650 3294 σου
668 3233 708 3305 εἷς
720 3238 808 3295 έστινι
823 3243 871 3295 καί
883 3235 959 3312 δρκηι
971 3242 1066 3302 καλῶς
1078 3237 1211 3310 εἰρῆσθαι
1221 3236 1423 3305 πιστοάμενος·
1445 3230 1504 3292 »ἐπ’

197 3319 346 3389 ἀληθείας«
366 3319 422 3395 γάρ
441 3339 526 3392 φησιν
552 3317 649 3389 »εἶπας
667 3319 710 3379 ότι
728 3317 769 3390 εἷς
786 3320 861 3379 ἐστιν
878 3321 895 3377 δ
912 3325 982 3389 θεδς
993 3325 1042 3378 καί
1054 3321 1107 3378 οὐκ
1119 3319 1194 3378 έστιν
1206 3318 1293 3387 ἄλλος
1306 3324 1378 3389 πλήν
1391 3320 1503 3375 αίιτοῦα.

196 3404 225 3461 ολ
241 3406 270 3462 δέ
288 3403 323 3461 τά
341 3411 390 3474 τῆς
407 3405 474 3472 νέας
490 3410 626 3478 διαθήκης
638 3406 790 3478 αἰγοῦντες
807 3406 910 3464 εἰδέναι
926 3410 1073 3479 μυστήρια,
1092 3398 1171 3462 οὗτοι
1188 3409 1237 3462 καλ
1254 3405 1418 3478 δεότερον
1436 3403 1504 3460 ἀνα·

196 3489 328 3546 πλάττειν
346 3487 430 3546 θεόν
445 3491 597 3566 βοάλονται
615 3486 804 3549 όποστάσεί
819 3494 877 3549 καί
889 3491 1032 3561 δυνάμει
1043 3492 1283 3565 χωριζόμενον
1295 3498 1355 3545 τοῦ
1367 3491 1504 3561 πατρός.

280 3675 327 3731 Nr.
347 3676 508 3745 78111668)
537 3672 580 3732 ότι
606 3675 636 3733 δέ
662 3679 713 3746 τήν
738 3675 850 3746 μονάδα
876 3676 975 3747 κόριον
1000 3678 1049 3733 καί
1074 3674 1146 3732 θεὸν
1173 3669 1249 3731 οἶδεν
1274 3678 1372 3730 καλεῖν
1395 3675 1410 3743 ή
1438 3674 1505 3731 θεία

197 3760 305 3830 γραφή,
333 3758 382 3830 ήδη
409 3763 457 3816 καί
484 3757 516 3817 ἐκ
541 3767 599 3816 τῶν
621 3760 836 3833 προειρημένων
862 3762 947 3828 δῆλον
973 3759 1104 3831 γέγονεν,
1130 3753 1164 3814 δι’
1182 3751 1223 3815 ὧν
1247 3758 1319 3829 πρὸς
1335 3758 1386 3814 τόν
1405 3755 1506 3815 ἑαυτοῦ

279 3946 411 4001 19-34
428 3946 489 4011 τευ,
509 3947 592 3998 1-21
610 3976 643 3983 -
660 3945 772 4001 οσ-υ.
792 3946 880 4011 κον,
897 3917 1021 4009 τοττι,
1039 3945 1173 4005 οι-ιυσ,
1193 3945 1228 3996 17

281 4080 372 4135 Ηυσ.
391 4082 434 4147 46,
451 4083 476 4135 8.
494 4084 510 4135 9
529 4080 598 4135 -8
622 4079 686 4134 Hos.
706 4083 745 4145 13,
763 4084 780 4133 4
798 4110 831 4118 -
853 4079 956 4134 θΜαΙ.
977 4083 1001 4140 2,
1021 4082 1053 4134 10
1071 4110 1103 4118 -
1127 4079 1166 4134 15
1189 4079 1233 4131 Pe.
1251 4080 1293 4146 80,
1311 4080 1394 4133 9-11
1413 4107 1446 4117 -
1467 4079 1505 4133 18

200 4148 301 4211 mo,
321 4151 351 4202 11
371 4178 404 4189 -
423 4150 459 4204 21
481 4148 581 4211 Matth.
599 4151 624 4211 4,
645 4150 683 4202 10.
719 4148 786 4201 Luk.
804 4151 828 4213 4,
846 4152 863 4202 8
881 4178 913 4186 -
933 4148 1001 4203 2211
1025 4148 1113 4202 Mark.
1132 4149 1172 4213 12,
1192 4150 1232 4202 28.
1251 4148 1284 4202 29
1303 4176 1335 4186 -
1354 4148 1394 4202 24
1418 4146 1504 4199 Mark.

199 4218 238 4281 12,
256 4218 358 4272 29-32
375 4247 409 4255 -
427 4217 467 4272 80
486 4216 574 4270 Mark.
595 4218 634 4280 12,
652 4217 686 4271 29
704 4246 736 4254 -
755 4218 794 4270 32
813 4215 900 4269 Mark.
921 4218 960 4275 12,
977 4217 1011 4271 32

283 4346 389 4407 Ῑάλλο
408 4352 447 4405 V²
478 4353 482 4414 Ι
516 4352 534 4406 δ
560 4349 747 4418 λεχθέντοςς
777 4350 833 4471 ἱδ
861 4343 944 4419 ἔστιν]
971 4358 1003 4412 -1-
1033 4345 1073 4404 έτι
1091 4350 1164 4403 LXX
1196 4350 1201 4413 Ι
1234 4353 1252 4404 θ
1279 4349 1356 4415 θεός]
1386 4356 1417 4409 1-
1445 4338 1507 4402 ἀλλ’

198 4415 410 4489 ,.έγὼόθεός“
430 4419 483 4473 We
514 4422 518 4485 Ι
552 4418 627 4488 8έξ]
654 4415 686 4473 έκ
709 4425 759 4488 γῆς
798 4416 849 4470 XX
882 4420 886 4484 Ι
918 4421 937 4472 θ
964 4415 1080 4485 έμοῦια
1099 4416 1172 4484 ὁμοί·
1191 4417 1214 4467 V
1248 4420 1252 4484 1
1287 4414 1471 4472 11αἰτὸνλί
1503 4416 1506 4485 Ι

199 4488 237 4543 12
260 4487 312 4573 μή]
338 4488 390 4556 μὲν
409 4499 450 4539 mr
483 4488 487 4553 Ι
520 4488 558 4542 25
586 4484 665 4553 ὑμῶν
684 4486 722 4537 111
754 4494 757 4551 Ι
790 4481 866 4573 ὅλης]
885 4492 917 4547 -1-
935 4492 984 4553 τής
1008 4486 1126 4549 καιδίας
1149 4501 1201 4540 σου
1221 4486 1270 4539 καί
1292 4481 1323 4549 έξ
1341 4478 1410 4552 όλης
1425 4482 1473 4535 ΝΤ
1504 4488 1506 4547 λ

198 4555 236 4611 26
259 4552 292 4609 όλ
312 4556 334 4623 ς]
355 4560 456 4622 ή-τής
477 4555 603 4619 διανοίας
625 4571 677 4608 σου
698 4556 746 4608 καί
769 4551 800 4620 ἐξ
822 4550 890 4621 ὅλης
912 4553 959 4606 N'P
982 4556 1024 4613 (<
1043 4510 1094 4607 1111
1116 4554 1192 4621 σενι.)
1233 4558 1237 4617 Ι
1276 4552 1313 4607 21
1338 4546 1439 4607 ἑαυτὸν
1458 4551 1506 4613 V*‚

199 4640 264 4678 corr.
278 4575 317 4673 Vq²
342 4625 347 4690 Ι
373 4625 408 4677 31
430 4620 521 4692 λέγων
534 4622 566 4684 V,
585 4640 653 4676 corr.
668 4622 702 4674 Kl
729 4624 734 4689 Ι
761 4619 976 4688 πιστούμενοςτ
994 4617 1507 4689 νηλθ.136,12.29πιστευόμενος1ί
