<?xml version="1.0" encoding="UTF-8"?>
<!DOCTYPE html PUBLIC "-//W3C//DTD XHTML 1.0 Transitional//EN"
    "http://www.w3.org/TR/xhtml1/DTD/xhtml1-transitional.dtd">
<html xmlns="http://www.w3.org/1999/xhtml" xml:lang="en" lang="en">
 <head>
  <title>
</title>
<meta http-equiv="Content-Type" content="text/html;charset=utf-8" />
  <meta name='ocr-system' content='tesseract 3.04.00' />
  <meta name='ocr-capabilities' content='ocr_page ocr_carea ocr_par ocr_line ocrx_word'/>
</head>
<body>
  <div class='ocr_page' id='page_1' title='image "./diegriechischen01religoog/diegriechischen01religoog_0124.png"; bbox 0 0 3698 5510; ppageno 0'>
   <div class='ocr_carea' id='block_1_1' title="bbox 371 451 1115 525">
    <p class='ocr_par' dir='ltr' id='par_1_1' title="bbox 371 451 1115 525">
     <span class='ocr_line' id='line_1_1' title="bbox 371 451 1115 525; baseline -0.003 -17"><span class='ocrx_word' id='word_1_1' title='bbox 371 462 412 525; x_wconf 78' lang='grc'><strong><em>66</em></strong></span> <span class='ocrx_word' id='word_1_2' title='bbox 981 451 1115 508; x_wconf 71' lang='lat' dir='ltr'>Eusebius</span> 
     </span>
    </p>
   </div>
   <div class='ocr_carea' id='block_1_2' title="bbox 315 611 1818 3993">
    <p class='ocr_par' dir='ltr' id='par_1_2' title="bbox 371 611 1818 1039">
     <span class='ocr_line' id='line_1_2' title="bbox 454 611 1818 740; baseline -0.002 -47"><span class='ocrx_word' id='word_1_3' title='bbox 454 626 476 693; x_wconf 88' lang='lat'>8</span> <span class='ocrx_word' id='word_1_4' title='bbox 501 615 553 690; x_wconf 85' lang='grc' dir='ltr'><strong><em>διὸ</em></strong></span> <span class='ocrx_word' id='word_1_5' title='bbox 568 616 661 740; x_wconf 84' lang='grc' dir='ltr'><strong><em>δῆ</em></strong></span> <span class='ocrx_word' id='word_1_6' title='bbox 625 646 690 707; x_wconf 88' lang='grc' dir='ltr'><strong><em>την</em></strong></span> <span class='ocrx_word' id='word_1_7' title='bbox 705 613 843 689; x_wconf 82' lang='grc' dir='ltr'><strong><em>εῦθείαν</em></strong></span> <span class='ocrx_word' id='word_1_8' title='bbox 857 623 913 689; x_wconf 86' lang='grc' dir='ltr'><strong><em>καί</em></strong></span> <span class='ocrx_word' id='word_1_9' title='bbox 927 616 1103 738; x_wconf 84' lang='grc' dir='ltr'><strong><em>βασιλικῆν</em></strong></span> <span class='ocrx_word' id='word_1_10' title='bbox 1123 612 1207 689; x_wconf 88' lang='grc' dir='ltr'><strong><em>όδὸν</em></strong></span> <span class='ocrx_word' id='word_1_11' title='bbox 1221 611 1460 707; x_wconf 87' lang='grc' dir='ltr'><strong><em>όρθοτομοῦσα</em></strong></span> <span class='ocrx_word' id='word_1_12' title='bbox 1478 646 1499 706; x_wconf 92' lang='grc' dir='ltr'><strong><em>η</em></strong></span> <span class='ocrx_word' id='word_1_13' title='bbox 1489 612 1672 740; x_wconf 64' lang='grc' dir='ltr'><strong><em>’ἐκκλησία</em></strong></span> <span class='ocrx_word' id='word_1_14' title='bbox 1695 631 1818 721; x_wconf 68' lang='grc' dir='ltr'><strong><em>παρίετο.</em></strong></span> 
     </span>
     <span class='ocr_line' id='line_1_3' title="bbox 372 700 1818 839; baseline 0.001 -53"><span class='ocrx_word' id='word_1_15' title='bbox 372 723 435 788; x_wconf 91' lang='grc' dir='ltr'><strong><em>τοῦ</em></strong></span> <span class='ocrx_word' id='word_1_16' title='bbox 456 724 542 790; x_wconf 99' lang='grc' dir='ltr'><strong><em>θεοῦ</em></strong></span> <span class='ocrx_word' id='word_1_17' title='bbox 563 716 625 800; x_wconf 83' lang='grc' dir='ltr'><strong><em>τὰς</em></strong></span> <span class='ocrx_word' id='word_1_18' title='bbox 646 724 708 805; x_wconf 75' lang='grc' dir='ltr'><strong><em>μὲν</em></strong></span> <span class='ocrx_word' id='word_1_19' title='bbox 730 716 835 801; x_wconf 89' lang='grc' dir='ltr'><strong><em>ἀλλας</em></strong></span> <span class='ocrx_word' id='word_1_20' title='bbox 857 716 1094 806; x_wconf 81' lang='grc' dir='ltr'><strong><em>παρεκτροπὰς</em></strong></span> <span class='ocrx_word' id='word_1_21' title='bbox 1116 714 1375 805; x_wconf 92' lang='grc' dir='ltr'><strong><em>ἀπεδοκίμασεν,</em></strong></span> <span class='ocrx_word' id='word_1_22' title='bbox 1407 734 1481 799; x_wconf 79' lang='grc' dir='ltr'><strong><em>τοῖς</em></strong></span> <span class='ocrx_word' id='word_1_23' title='bbox 1510 713 1543 787; x_wconf 76' lang='grc' dir='ltr'><strong><em>δ’</em></strong></span> <span class='ocrx_word' id='word_1_24' title='bbox 1574 714 1672 808; x_wconf 84' lang='grc' dir='ltr'><strong><em>αάτῆς</em></strong></span> <span class='ocrx_word' id='word_1_25' title='bbox 1687 706 1731 824; x_wconf 66' lang='grc' dir='ltr'><strong><em>ξξῆ</em></strong></span> <span class='ocrx_word' id='word_1_26' title='bbox 1749 700 1818 839; x_wconf 69' lang='grc' dir='ltr'><strong><em>ξίἘξ</em></strong></span> 
     </span>
     <span class='ocr_line' id='line_1_4' title="bbox 371 812 1816 938; baseline 0.003 -49"><span class='ocrx_word' id='word_1_27' title='bbox 371 823 617 938; x_wconf 79' lang='grc' dir='ltr'><strong><em>θρέμμασιν</em></strong></span> <span class='ocrx_word' id='word_1_28' title='bbox 574 846 635 906; x_wconf 90' lang='grc' dir='ltr'><strong><em>της</em></strong></span> <span class='ocrx_word' id='word_1_29' title='bbox 651 814 827 889; x_wconf 81' lang='grc' dir='ltr'><strong><em>ἐνθέου’</em></strong></span> <span class='ocrx_word' id='word_1_30' title='bbox 785 845 923 907; x_wconf 87' lang='grc' dir='ltr'><strong><em>χαριτος</em></strong></span> <span class='ocrx_word' id='word_1_31' title='bbox 937 815 1221 907; x_wconf 88' lang='grc' dir='ltr'><strong><em>παραδίδωσιν</em></strong></span> <span class='ocrx_word' id='word_1_32' title='bbox 1184 843 1248 906; x_wconf 91' lang='grc' dir='ltr'><strong><em>την</em></strong></span> <span class='ocrx_word' id='word_1_33' title='bbox 1263 822 1397 905; x_wconf 86' lang='grc' dir='ltr'><strong><em>γνώσιν,</em></strong></span> <span class='ocrx_word' id='word_1_34' title='bbox 1412 813 1487 886; x_wconf 83' lang='grc' dir='ltr'><strong><em>κατ’</em></strong></span> <span class='ocrx_word' id='word_1_35' title='bbox 1502 812 1587 888; x_wconf 84' lang='grc' dir='ltr'><strong><em>αότο</em></strong></span> <span class='ocrx_word' id='word_1_36' title='bbox 1573 815 1670 906; x_wconf 86' lang='grc' dir='ltr'><strong><em>&lt;τδ&gt;</em></strong></span> <span class='ocrx_word' id='word_1_37' title='bbox 1700 844 1816 905; x_wconf 78' lang='grc' dir='ltr'><strong><em>σιαααῆς</em></strong></span> 
     </span>
     <span class='ocr_line' id='line_1_5' title="bbox 372 902 1807 1039; baseline 0.001 -52"><span class='ocrx_word' id='word_1_38' title='bbox 372 925 437 1007; x_wconf 91' lang='grc' dir='ltr'><strong><em>τῆς</em></strong></span> <span class='ocrx_word' id='word_1_39' title='bbox 454 925 707 1007; x_wconf 77' lang='grc' dir='ltr'><strong><em>παλιγγενεσίας</em></strong></span> <span class='ocrx_word' id='word_1_40' title='bbox 728 914 914 1008; x_wconf 90' lang='grc' dir='ltr'><strong><em>μυστῆριον</em></strong></span> <span class='ocrx_word' id='word_1_41' title='bbox 936 913 1115 1008; x_wconf 78' lang='grc' dir='ltr'><strong><em>ὁμολογεῖν</em></strong></span> <span class='ocrx_word' id='word_1_42' title='bbox 1137 913 1337 988; x_wconf 78' lang='grc' dir='ltr'><strong><em>διδάσκουσα</em></strong></span> <span class='ocrx_word' id='word_1_43' title='bbox 1358 914 1530 987; x_wconf 83' lang='grc' dir='ltr'><strong><em>πιστεύειν</em></strong></span> <span class='ocrx_word' id='word_1_44' title='bbox 1552 920 1596 999; x_wconf 88' lang='grc' dir='ltr'><strong><em>είς</em></strong></span> <span class='ocrx_word' id='word_1_45' title='bbox 1616 917 1673 988; x_wconf 78' lang='grc' dir='ltr'><strong><em>ίνα</em></strong></span> <span class='ocrx_word' id='word_1_46' title='bbox 1712 902 1807 1039; x_wconf 63' lang='grc' dir='ltr'>ξξξξξ·</span> 
     </span>
    </p>

    <p class='ocr_par' dir='ltr' id='par_1_3' title="bbox 336 1009 1674 1505">
     <span class='ocr_line' id='line_1_6' title="bbox 336 1009 1672 1107; baseline 0.004 -24"><span class='ocrx_word' id='word_1_47' title='bbox 336 1029 353 1083; x_wconf 82' lang='grc'>5</span> <span class='ocrx_word' id='word_1_48' title='bbox 371 1014 466 1100; x_wconf 87' lang='grc' dir='ltr'><strong><em>θεον</em></strong></span> <span class='ocrx_word' id='word_1_49' title='bbox 488 1023 620 1106; x_wconf 81' lang='grc' dir='ltr'><strong><em>πατέρα</em></strong></span> <span class='ocrx_word' id='word_1_50' title='bbox 641 1013 914 1107; x_wconf 85' lang='grc' dir='ltr'><strong><em>παντοκράτορα,</em></strong></span> <span class='ocrx_word' id='word_1_51' title='bbox 936 1026 1069 1090; x_wconf 88' lang='grc' dir='ltr'><strong><em>τελείαν</em></strong></span> <span class='ocrx_word' id='word_1_52' title='bbox 1089 1024 1146 1089; x_wconf 87' lang='grc' dir='ltr'><strong><em>καὶ</em></strong></span> <span class='ocrx_word' id='word_1_53' title='bbox 1168 1013 1286 1106; x_wconf 78' lang='grc' dir='ltr'><strong><em>ἀκριβῆ</em></strong></span> <span class='ocrx_word' id='word_1_54' title='bbox 1306 1021 1363 1087; x_wconf 85' lang='grc' dir='ltr'><strong><em>καὶ</em></strong></span> <span class='ocrx_word' id='word_1_55' title='bbox 1385 1009 1579 1105; x_wconf 81' lang='grc' dir='ltr'><strong><em>ὁλόκληρον</em></strong></span> <span class='ocrx_word' id='word_1_56' title='bbox 1599 1016 1672 1088; x_wconf 77' lang='grc' dir='ltr'><strong><em>ταῦ</em></strong></span> 
     </span>
     <span class='ocr_line' id='line_1_7' title="bbox 371 1114 1673 1208; baseline 0 -21"><span class='ocrx_word' id='word_1_57' title='bbox 371 1145 437 1207; x_wconf 89' lang='grc' dir='ltr'><strong><em>την</em></strong></span> <span class='ocrx_word' id='word_1_58' title='bbox 460 1122 583 1189; x_wconf 83' lang='grc' dir='ltr'><strong><em>εἰδέναι</em></strong></span> <span class='ocrx_word' id='word_1_59' title='bbox 603 1123 796 1204; x_wconf 84' lang='grc' dir='ltr'><strong><em>παρέχουσα</em></strong></span> <span class='ocrx_word' id='word_1_60' title='bbox 818 1116 883 1208; x_wconf 81' lang='grc' dir='ltr'><strong><em>τὴν</em></strong></span> <span class='ocrx_word' id='word_1_61' title='bbox 905 1125 1105 1207; x_wconf 75' lang='grc' dir='ltr'><strong><em>θεολογίαν</em></strong></span> <span class='ocrx_word' id='word_1_62' title='bbox 1135 1115 1155 1207; x_wconf 84' lang='grc' dir='ltr'><strong><em>ῆ</em></strong></span> <span class='ocrx_word' id='word_1_63' title='bbox 1178 1114 1263 1188; x_wconf 87' lang='grc' dir='ltr'><strong><em>θεὸν</em></strong></span> <span class='ocrx_word' id='word_1_64' title='bbox 1283 1121 1345 1205; x_wconf 80' lang='grc' dir='ltr'><strong><em>μὲν</em></strong></span> <span class='ocrx_word' id='word_1_65' title='bbox 1367 1115 1427 1186; x_wconf 75' lang='grc' dir='ltr'><strong><em>ἕνα</em></strong></span> <span class='ocrx_word' id='word_1_66' title='bbox 1448 1121 1673 1201; x_wconf 90' lang='grc' dir='ltr'><strong><em>παραδίδωσιν</em></strong></span> 
     </span>
     <span class='ocr_line' id='line_1_8' title="bbox 371 1210 1672 1306; baseline 0 -19"><span class='ocrx_word' id='word_1_67' title='bbox 371 1213 580 1306; x_wconf 91' lang='grc' dir='ltr'><strong><em>ἀφορίζουσα</em></strong></span> <span class='ocrx_word' id='word_1_68' title='bbox 602 1222 664 1306; x_wconf 89' lang='grc' dir='ltr'><strong><em>τῆς</em></strong></span> <span class='ocrx_word' id='word_1_69' title='bbox 678 1210 879 1305; x_wconf 78' lang='grc' dir='ltr'><strong><em>Ἕλληνικῆς</em></strong></span> <span class='ocrx_word' id='word_1_70' title='bbox 900 1223 956 1286; x_wconf 87' lang='grc' dir='ltr'><strong><em>καί</em></strong></span> <span class='ocrx_word' id='word_1_71' title='bbox 977 1223 1152 1288; x_wconf 87' lang='grc' dir='ltr'><strong><em>πολυθέου</em></strong></span> <span class='ocrx_word' id='word_1_72' title='bbox 1176 1212 1320 1304; x_wconf 61' lang='grc' dir='ltr'><strong><em>πλάνης)</em></strong></span> <span class='ocrx_word' id='word_1_73' title='bbox 1351 1220 1483 1303; x_wconf 85' lang='grc' dir='ltr'><strong><em>πατέρα</em></strong></span> <span class='ocrx_word' id='word_1_74' title='bbox 1505 1219 1541 1285; x_wconf 83' lang='grc' dir='ltr'><strong><em>δε</em></strong></span> <span class='ocrx_word' id='word_1_75' title='bbox 1572 1211 1672 1287; x_wconf 79' lang='grc' dir='ltr'><strong><em>αὐτόν</em></strong></span> 
     </span>
     <span class='ocr_line' id='line_1_9' title="bbox 371 1311 1674 1406; baseline -0.001 -19"><span class='ocrx_word' id='word_1_76' title='bbox 371 1317 462 1387; x_wconf 84' lang='grc' dir='ltr'><strong><em>οίδεν</em></strong></span> <span class='ocrx_word' id='word_1_77' title='bbox 485 1321 546 1405; x_wconf 88' lang='grc' dir='ltr'><strong><em>τῆς</em></strong></span> <span class='ocrx_word' id='word_1_78' title='bbox 568 1312 747 1406; x_wconf 77' lang='grc' dir='ltr'><strong><em>Ἰουδαϊκῆς</em></strong></span> <span class='ocrx_word' id='word_1_79' title='bbox 764 1324 956 1405; x_wconf 75' lang='grc' dir='ltr'><strong><em>χωρίζουσα</em></strong></span> <span class='ocrx_word' id='word_1_80' title='bbox 978 1322 1200 1400; x_wconf 81' lang='grc' dir='ltr'><strong><em>διδασκαλίας,</em></strong></span> <span class='ocrx_word' id='word_1_81' title='bbox 1225 1311 1491 1403; x_wconf 80' lang='grc' dir='ltr'><strong><em>παντοκράτορα</em></strong></span> <span class='ocrx_word' id='word_1_82' title='bbox 1514 1319 1550 1385; x_wconf 82' lang='grc' dir='ltr'><strong><em>δὲ</em></strong></span> <span class='ocrx_word' id='word_1_83' title='bbox 1572 1311 1674 1387; x_wconf 77' lang='grc' dir='ltr'><strong><em>αὐτὸν</em></strong></span> 
     </span>
     <span class='ocr_line' id='line_1_10' title="bbox 370 1410 1672 1505; baseline -0.001 -19"><span class='ocrx_word' id='word_1_84' title='bbox 370 1410 530 1505; x_wconf 79' lang='grc' dir='ltr'><strong><em>ὁμολογεῖ</em></strong></span> <span class='ocrx_word' id='word_1_85' title='bbox 551 1423 634 1505; x_wconf 83' lang='grc' dir='ltr'><strong><em>[τῆς]</em></strong></span> <span class='ocrx_word' id='word_1_86' title='bbox 651 1424 726 1488; x_wconf 85' lang='grc' dir='ltr'><strong><em>τών</em></strong></span> <span class='ocrx_word' id='word_1_87' title='bbox 741 1414 859 1489; x_wconf 81' lang='grc' dir='ltr'><strong><em>ἀθέων</em></strong></span> <span class='ocrx_word' id='word_1_88' title='bbox 874 1412 1085 1504; x_wconf 74' lang='grc' dir='ltr'><strong><em>ἑτεροδόξων</em></strong></span> <span class='ocrx_word' id='word_1_89' title='bbox 1099 1412 1381 1504; x_wconf 79' lang='grc' dir='ltr'><strong><em>ἀποστρεφομένη</em></strong></span> <span class='ocrx_word' id='word_1_90' title='bbox 1398 1414 1462 1504; x_wconf 84' lang='grc' dir='ltr'><strong><em>τῆν</em></strong></span> <span class='ocrx_word' id='word_1_91' title='bbox 1478 1420 1672 1502; x_wconf 85' lang='grc' dir='ltr'><strong><em>δυσσέβειαν.</em></strong></span> 
     </span>
    </p>

    <p class='ocr_par' dir='ltr' id='par_1_4' title="bbox 321 1511 1717 2005">
     <span class='ocr_line' id='line_1_11' title="bbox 321 1511 1717 1604; baseline -0.001 -18"><span class='ocrx_word' id='word_1_92' title='bbox 321 1524 353 1579; x_wconf 87' lang='grc'><strong><em>10</em></strong></span> <span class='ocrx_word' id='word_1_93' title='bbox 371 1511 479 1597; x_wconf 73' lang='grc' dir='ltr'><strong><em>οὐδεὶς</em></strong></span> <span class='ocrx_word' id='word_1_94' title='bbox 500 1522 583 1604; x_wconf 93' lang='grc' dir='ltr'><strong><em>γοῦν</em></strong></span> <span class='ocrx_word' id='word_1_95' title='bbox 605 1523 680 1587; x_wconf 83' lang='grc' dir='ltr'><strong><em>τών</em></strong></span> <span class='ocrx_word' id='word_1_96' title='bbox 702 1513 911 1604; x_wconf 74' lang='grc' dir='ltr'><strong><em>ἑτεροδόξων</em></strong></span> <span class='ocrx_word' id='word_1_97' title='bbox 932 1519 1021 1587; x_wconf 84' lang='grc' dir='ltr'><strong><em>είποι</em></strong></span> <span class='ocrx_word' id='word_1_98' title='bbox 1042 1514 1084 1587; x_wconf 83' lang='grc' dir='ltr'><strong><em>ἀν</em></strong></span> <span class='ocrx_word' id='word_1_99' title='bbox 1100 1514 1163 1587; x_wconf 84' lang='grc' dir='ltr'><strong><em>τόν</em></strong></span> <span class='ocrx_word' id='word_1_100' title='bbox 1176 1521 1308 1601; x_wconf 84' lang='grc' dir='ltr'><strong><em>πατέρα</em></strong></span> <span class='ocrx_word' id='word_1_101' title='bbox 1327 1520 1390 1585; x_wconf 89' lang='grc' dir='ltr'><strong><em>τοῦ</em></strong></span> <span class='ocrx_word' id='word_1_102' title='bbox 1404 1521 1556 1602; x_wconf 82' lang='grc' dir='ltr'><strong><em>Χριστοῦ</em></strong></span> <span class='ocrx_word' id='word_1_103' title='bbox 1570 1511 1672 1586; x_wconf 77' lang='grc' dir='ltr'><strong><em>αὐτόν</em></strong></span> <span class='ocrx_word' id='word_1_104' title='bbox 1702 1531 1717 1584; x_wconf 82' lang='lat'><strong>2</strong></span> 
     </span>
     <span class='ocr_line' id='line_1_12' title="bbox 370 1607 1717 1704; baseline 0 -17"><span class='ocrx_word' id='word_1_105' title='bbox 370 1617 455 1687; x_wconf 85' lang='grc' dir='ltr'><strong><em>είναι</em></strong></span> <span class='ocrx_word' id='word_1_106' title='bbox 478 1613 541 1685; x_wconf 86' lang='grc' dir='ltr'><strong><em>τὸν</em></strong></span> <span class='ocrx_word' id='word_1_107' title='bbox 562 1613 735 1687; x_wconf 85' lang='grc' dir='ltr'><strong><em>θεὸν-τόν</em></strong></span> <span class='ocrx_word' id='word_1_108' title='bbox 755 1612 1037 1704; x_wconf 67' lang='grc' dir='ltr'><strong><em>παντακράίτορα,</em></strong></span> <span class='ocrx_word' id='word_1_109' title='bbox 1060 1612 1108 1698; x_wconf 84' lang='grc' dir='ltr'><strong><em>ώς</em></strong></span> <span class='ocrx_word' id='word_1_110' title='bbox 1135 1612 1212 1687; x_wconf 75' lang='grc' dir='ltr'><strong><em>οὐδὲ</em></strong></span> <span class='ocrx_word' id='word_1_111' title='bbox 1233 1621 1289 1689; x_wconf 72' lang='grc'><strong><em>50*</em></strong></span> <span class='ocrx_word' id='word_1_112' title='bbox 1310 1610 1483 1685; x_wconf 85' lang='grc' dir='ltr'><strong><em>Ἰουδαίων</em></strong></span> <span class='ocrx_word' id='word_1_113' title='bbox 1513 1607 1671 1704; x_wconf 88' lang='grc' dir='ltr'><strong><em>όμολογῆ·</em></strong></span> <span class='ocrx_word' id='word_1_114' title='bbox 1686 1631 1717 1687; x_wconf 71' lang='lat' dir='ltr'><strong><em>w</em></strong></span> 
     </span>
     <span class='ocr_line' id='line_1_13' title="bbox 370 1711 1672 1804; baseline 0.001 -20"><span class='ocrx_word' id='word_1_115' title='bbox 370 1737 457 1784; x_wconf 84' lang='grc' dir='ltr'><strong><em>σειεν</em></strong></span> <span class='ocrx_word' id='word_1_116' title='bbox 488 1714 531 1785; x_wconf 86' lang='grc' dir='ltr'><strong><em>ἀν</em></strong></span> <span class='ocrx_word' id='word_1_117' title='bbox 561 1743 613 1797; x_wconf 87' lang='grc' dir='ltr'><strong><em>τις</em></strong></span> <span class='ocrx_word' id='word_1_118' title='bbox 643 1713 708 1785; x_wconf 85' lang='grc' dir='ltr'><strong><em>τόν</em></strong></span> <span class='ocrx_word' id='word_1_119' title='bbox 738 1714 823 1786; x_wconf 86' lang='grc' dir='ltr'><strong><em>θεὸν</em></strong></span> <span class='ocrx_word' id='word_1_120' title='bbox 852 1721 982 1803; x_wconf 80' lang='grc' dir='ltr'><strong><em>πατέρα</em></strong></span> <span class='ocrx_word' id='word_1_121' title='bbox 1012 1718 1098 1787; x_wconf 78' lang='grc' dir='ltr'><strong><em>εἶναι</em></strong></span> <span class='ocrx_word' id='word_1_122' title='bbox 1129 1713 1192 1786; x_wconf 86' lang='grc' dir='ltr'><strong><em>τὸν</em></strong></span> <span class='ocrx_word' id='word_1_123' title='bbox 1217 1720 1383 1803; x_wconf 80' lang='grc' dir='ltr'><strong><em>μονογενῆ</em></strong></span> <span class='ocrx_word' id='word_1_124' title='bbox 1406 1711 1482 1785; x_wconf 82' lang='grc' dir='ltr'><strong><em>υίὸν</em></strong></span> <span class='ocrx_word' id='word_1_125' title='bbox 1503 1713 1549 1804; x_wconf 79' lang='grc' dir='ltr'><strong><em>μὴ</em></strong></span> <span class='ocrx_word' id='word_1_126' title='bbox 1569 1713 1672 1798; x_wconf 81' lang='grc' dir='ltr'><strong><em>εἰδώς,</em></strong></span> 
     </span>
     <span class='ocr_line' id='line_1_14' title="bbox 369 1807 1673 1904; baseline 0.001 -20"><span class='ocrx_word' id='word_1_127' title='bbox 369 1810 449 1885; x_wconf 85' lang='grc' dir='ltr'><strong><em>ου’δέ</em></strong></span> <span class='ocrx_word' id='word_1_128' title='bbox 469 1842 504 1903; x_wconf 92' lang='grc' dir='ltr'><strong><em>γε</em></strong></span> <span class='ocrx_word' id='word_1_129' title='bbox 515 1807 642 1903; x_wconf 78' lang='grc' dir='ltr'><strong><em>Ἕλλην</em></strong></span> <span class='ocrx_word' id='word_1_130' title='bbox 665 1814 724 1885; x_wconf 77' lang='grc' dir='ltr'><strong><em>ένα</em></strong></span> <span class='ocrx_word' id='word_1_131' title='bbox 746 1810 855 1903; x_wconf 90' lang='grc' dir='ltr'><strong><em>μόνον</em></strong></span> <span class='ocrx_word' id='word_1_132' title='bbox 870 1814 1007 1904; x_wconf 86' lang='grc' dir='ltr'><strong><em>φῆσειεν</em></strong></span> <span class='ocrx_word' id='word_1_133' title='bbox 1021 1813 1096 1904; x_wconf 82' lang='grc' dir='ltr'><strong><em>&lt;ἀν&gt;</em></strong></span> <span class='ocrx_word' id='word_1_134' title='bbox 1118 1818 1241 1887; x_wconf 83' lang='grc' dir='ltr'><strong><em>εἰδέναι</em></strong></span> <span class='ocrx_word' id='word_1_135' title='bbox 1262 1809 1355 1884; x_wconf 84' lang='grc' dir='ltr'><strong><em>θεόν.</em></strong></span> <span class='ocrx_word' id='word_1_136' title='bbox 1398 1810 1451 1883; x_wconf 89' lang='grc' dir='ltr'><strong><em>διό</em></strong></span> <span class='ocrx_word' id='word_1_137' title='bbox 1473 1813 1516 1903; x_wconf 82' lang='grc' dir='ltr'><strong><em>δὴ</em></strong></span> <span class='ocrx_word' id='word_1_138' title='bbox 1539 1811 1673 1885; x_wconf 81' lang='grc' dir='ltr'><strong><em>τούτων</em></strong></span> 
     </span>
     <span class='ocr_line' id='line_1_15' title="bbox 370 1909 1673 2005; baseline -0.003 -20"><span class='ocrx_word' id='word_1_139' title='bbox 370 1909 538 1987; x_wconf 82' lang='grc' dir='ltr'><strong><em>ἀπόντων</em></strong></span> <span class='ocrx_word' id='word_1_140' title='bbox 560 1909 841 2000; x_wconf 83' lang='grc' dir='ltr'><strong><em>ἀποκαθαίρουσα</em></strong></span> <span class='ocrx_word' id='word_1_141' title='bbox 863 1914 927 2005; x_wconf 87' lang='grc' dir='ltr'><strong><em>τῆν</em></strong></span> <span class='ocrx_word' id='word_1_142' title='bbox 947 1910 1083 2004; x_wconf 88' lang='grc' dir='ltr'><strong><em>πλάνην</em></strong></span> <span class='ocrx_word' id='word_1_143' title='bbox 1105 1910 1125 2003; x_wconf 85' lang='grc' dir='ltr'><strong><em>ῆ</em></strong></span> <span class='ocrx_word' id='word_1_144' title='bbox 1147 1918 1303 2002; x_wconf 80' lang='grc' dir='ltr'><strong><em>ἐκκλησία</em></strong></span> <span class='ocrx_word' id='word_1_145' title='bbox 1326 1911 1390 1983; x_wconf 87' lang='grc' dir='ltr'><strong><em>τὸν</em></strong></span> <span class='ocrx_word' id='word_1_146' title='bbox 1416 1912 1476 1984; x_wconf 76' lang='grc' dir='ltr'><strong><em>ένα</em></strong></span> <span class='ocrx_word' id='word_1_147' title='bbox 1506 1912 1591 1985; x_wconf 88' lang='grc' dir='ltr'><strong><em>θεὸν</em></strong></span> <span class='ocrx_word' id='word_1_148' title='bbox 1619 1942 1673 2002; x_wconf 90' lang='grc' dir='ltr'><strong><em>κη-</em></strong></span> 
     </span>
    </p>

    <p class='ocr_par' dir='ltr' id='par_1_5' title="bbox 318 2008 1672 2503">
     <span class='ocr_line' id='line_1_16' title="bbox 318 2008 1672 2104; baseline 0.002 -25"><span class='ocrx_word' id='word_1_149' title='bbox 318 2028 351 2081; x_wconf 76' lang='lat'><strong><em>15</em></strong></span> <span class='ocrx_word' id='word_1_150' title='bbox 370 2011 494 2101; x_wconf 85' lang='grc' dir='ltr'><strong><em>ρόττει,</em></strong></span> <span class='ocrx_word' id='word_1_151' title='bbox 516 2008 623 2085; x_wconf 77' lang='grc' dir='ltr'><strong><em>αὐτὸν</em></strong></span> <span class='ocrx_word' id='word_1_152' title='bbox 644 2015 800 2084; x_wconf 82' lang='grc' dir='ltr'><strong><em>εἶναικαὶ</em></strong></span> <span class='ocrx_word' id='word_1_153' title='bbox 815 2019 946 2104; x_wconf 82' lang='grc' dir='ltr'><strong><em>πατέρα</em></strong></span> <span class='ocrx_word' id='word_1_154' title='bbox 960 2021 1016 2085; x_wconf 85' lang='grc' dir='ltr'><strong><em>καί</em></strong></span> <span class='ocrx_word' id='word_1_155' title='bbox 1031 2010 1296 2100; x_wconf 81' lang='grc' dir='ltr'><strong><em>παντοκράτορα</em></strong></span> <span class='ocrx_word' id='word_1_156' title='bbox 1311 2009 1524 2096; x_wconf 80' lang='grc' dir='ltr'><strong><em>διδάσκουσα,</em></strong></span> <span class='ocrx_word' id='word_1_157' title='bbox 1546 2018 1672 2100; x_wconf 84' lang='grc' dir='ltr'><strong><em>πατέρα</em></strong></span> 
     </span>
     <span class='ocr_line' id='line_1_17' title="bbox 367 2106 1672 2203; baseline -0.002 -21"><span class='ocrx_word' id='word_1_158' title='bbox 367 2118 430 2200; x_wconf 82' lang='grc' dir='ltr'><strong><em>μὲν</em></strong></span> <span class='ocrx_word' id='word_1_159' title='bbox 452 2112 527 2194; x_wconf 77' lang='grc' dir='ltr'><strong><em>ένός</em></strong></span> <span class='ocrx_word' id='word_1_160' title='bbox 554 2119 617 2183; x_wconf 83' lang='grc' dir='ltr'><strong><em>τοῦ</em></strong></span> <span class='ocrx_word' id='word_1_161' title='bbox 638 2119 789 2200; x_wconf 82' lang='grc' dir='ltr'><strong><em>Χριστοῦ</em></strong></span> <span class='ocrx_word' id='word_1_162' title='bbox 818 2111 939 2203; x_wconf 93' lang='grc' dir='ltr'><strong><em>μόνου,</em></strong></span> <span class='ocrx_word' id='word_1_163' title='bbox 971 2121 1045 2186; x_wconf 91' lang='grc' dir='ltr'><strong><em>τών</em></strong></span> <span class='ocrx_word' id='word_1_164' title='bbox 1076 2119 1112 2184; x_wconf 77' lang='grc' dir='ltr'><strong><em>δὲ</em></strong></span> <span class='ocrx_word' id='word_1_165' title='bbox 1143 2119 1277 2185; x_wconf 82' lang='grc' dir='ltr'><strong><em>λοιπῶν</em></strong></span> <span class='ocrx_word' id='word_1_166' title='bbox 1307 2106 1476 2183; x_wconf 82' lang='grc' dir='ltr'><strong><em>ἀπάντων</em></strong></span> <span class='ocrx_word' id='word_1_167' title='bbox 1506 2109 1593 2183; x_wconf 85' lang='grc' dir='ltr'><strong><em>θεὸν</em></strong></span> <span class='ocrx_word' id='word_1_168' title='bbox 1620 2117 1672 2181; x_wconf 84' lang='grc' dir='ltr'><strong><em>καί</em></strong></span> 
     </span>
     <span class='ocr_line' id='line_1_18' title="bbox 368 2206 1672 2302; baseline -0.002 -20"><span class='ocrx_word' id='word_1_169' title='bbox 368 2218 509 2301; x_wconf 89' lang='grc' dir='ltr'><strong><em>κτίστην</em></strong></span> <span class='ocrx_word' id='word_1_170' title='bbox 530 2218 587 2283; x_wconf 85' lang='grc' dir='ltr'><strong><em>καὶ</em></strong></span> <span class='ocrx_word' id='word_1_171' title='bbox 608 2211 735 2302; x_wconf 81' lang='grc' dir='ltr'><strong><em>κόριον.</em></strong></span> <span class='ocrx_word' id='word_1_172' title='bbox 780 2206 873 2285; x_wconf 80' lang='grc' dir='ltr'><strong><em>οότω</em></strong></span> <span class='ocrx_word' id='word_1_173' title='bbox 900 2221 955 2284; x_wconf 85' lang='grc' dir='ltr'><strong><em>καί</em></strong></span> <span class='ocrx_word' id='word_1_174' title='bbox 981 2211 1057 2285; x_wconf 86' lang='grc' dir='ltr'><strong><em>υίδν</em></strong></span> <span class='ocrx_word' id='word_1_175' title='bbox 1082 2220 1167 2284; x_wconf 87' lang='grc' dir='ltr'><strong><em>θεοῦ</em></strong></span> <span class='ocrx_word' id='word_1_176' title='bbox 1189 2218 1356 2302; x_wconf 87' lang='grc' dir='ltr'><strong><em>μονογενῆ</em></strong></span> <span class='ocrx_word' id='word_1_177' title='bbox 1377 2208 1504 2300; x_wconf 83' lang='grc' dir='ltr'><strong><em>Ἰησοῦν</em></strong></span> <span class='ocrx_word' id='word_1_178' title='bbox 1527 2210 1672 2297; x_wconf 84' lang='grc' dir='ltr'><strong><em>Χριστὸν</em></strong></span> 
     </span>
     <span class='ocr_line' id='line_1_19' title="bbox 367 2309 1671 2401; baseline -0.002 -19"><span class='ocrx_word' id='word_1_179' title='bbox 367 2318 609 2398; x_wconf 86' lang='grc' dir='ltr'><strong><em>παραδίδωσιν,</em></strong></span> <span class='ocrx_word' id='word_1_180' title='bbox 633 2310 696 2383; x_wconf 89' lang='grc' dir='ltr'><strong><em>τόν</em></strong></span> <span class='ocrx_word' id='word_1_181' title='bbox 716 2313 784 2401; x_wconf 86' lang='grc' dir='ltr'><strong><em>πρό</em></strong></span> <span class='ocrx_word' id='word_1_182' title='bbox 805 2310 953 2385; x_wconf 80' lang='grc' dir='ltr'><strong><em>πάντων</em></strong></span> <span class='ocrx_word' id='word_1_183' title='bbox 968 2313 1104 2384; x_wconf 81' lang='grc' dir='ltr'><strong><em>αἰώνων</em></strong></span> <span class='ocrx_word' id='word_1_184' title='bbox 1125 2317 1164 2383; x_wconf 82' lang='grc' dir='ltr'><strong><em>ἐκ</em></strong></span> <span class='ocrx_word' id='word_1_185' title='bbox 1185 2318 1248 2383; x_wconf 88' lang='grc' dir='ltr'><strong><em>τοῦ</em></strong></span> <span class='ocrx_word' id='word_1_186' title='bbox 1269 2309 1400 2399; x_wconf 86' lang='grc' dir='ltr'><strong><em>πατρὸς</em></strong></span> <span class='ocrx_word' id='word_1_187' title='bbox 1422 2315 1671 2399; x_wconf 84' lang='grc' dir='ltr'><strong><em>γεγεννημένον,</em></strong></span> 
     </span>
     <span class='ocr_line' id='line_1_20' title="bbox 369 2404 1672 2503; baseline -0.003 -20"><span class='ocrx_word' id='word_1_188' title='bbox 369 2408 410 2483; x_wconf 81' lang='grc' dir='ltr'><strong><em>οδ</em></strong></span> <span class='ocrx_word' id='word_1_189' title='bbox 431 2409 494 2482; x_wconf 89' lang='grc' dir='ltr'><strong><em>τόν</em></strong></span> <span class='ocrx_word' id='word_1_190' title='bbox 516 2408 623 2483; x_wconf 78' lang='grc' dir='ltr'><strong><em>αὐτόν</em></strong></span> <span class='ocrx_word' id='word_1_191' title='bbox 645 2405 730 2483; x_wconf 79' lang='grc' dir='ltr'><strong><em>ὄντα</em></strong></span> <span class='ocrx_word' id='word_1_192' title='bbox 750 2420 801 2503; x_wconf 84' lang='grc' dir='ltr'><strong><em>τῷ</em></strong></span> <span class='ocrx_word' id='word_1_193' title='bbox 823 2419 942 2500; x_wconf 89' lang='grc' dir='ltr'><strong><em>πατρί,</em></strong></span> <span class='ocrx_word' id='word_1_194' title='bbox 973 2409 1051 2483; x_wconf 81' lang='grc' dir='ltr'><strong><em>καθ’</em></strong></span> <span class='ocrx_word' id='word_1_195' title='bbox 1075 2412 1199 2483; x_wconf 74' lang='grc' dir='ltr'><strong><em>ἑαυτὸν</em></strong></span> <span class='ocrx_word' id='word_1_196' title='bbox 1229 2417 1265 2482; x_wconf 81' lang='grc' dir='ltr'><strong><em>δὲ</em></strong></span> <span class='ocrx_word' id='word_1_197' title='bbox 1295 2404 1381 2482; x_wconf 82' lang='grc' dir='ltr'><strong><em>ὄντα</em></strong></span> <span class='ocrx_word' id='word_1_198' title='bbox 1406 2418 1461 2482; x_wconf 86' lang='grc' dir='ltr'><strong><em>καί</em></strong></span> <span class='ocrx_word' id='word_1_199' title='bbox 1484 2418 1600 2497; x_wconf 80' lang='grc' dir='ltr'><strong><em>ζῶντα</em></strong></span> <span class='ocrx_word' id='word_1_200' title='bbox 1620 2416 1672 2480; x_wconf 85' lang='grc' dir='ltr'><strong><em>καί</em></strong></span> 
     </span>
    </p>

    <p class='ocr_par' dir='ltr' id='par_1_6' title="bbox 316 2507 1672 3000">
     <span class='ocr_line' id='line_1_21' title="bbox 316 2507 1672 2601; baseline 0 -22"><span class='ocrx_word' id='word_1_201' title='bbox 316 2522 351 2579; x_wconf 84' lang='grc'><strong><em>20</em></strong></span> <span class='ocrx_word' id='word_1_202' title='bbox 369 2507 511 2601; x_wconf 80' lang='grc' dir='ltr'><strong><em>ἀληθοῦς</em></strong></span> <span class='ocrx_word' id='word_1_203' title='bbox 532 2511 608 2582; x_wconf 84' lang='grc' dir='ltr'><strong><em>υίὸν</em></strong></span> <span class='ocrx_word' id='word_1_204' title='bbox 629 2508 788 2597; x_wconf 81' lang='grc' dir='ltr'><strong><em>συνόντα,</em></strong></span> <span class='ocrx_word' id='word_1_205' title='bbox 811 2511 897 2584; x_wconf 83' lang='grc' dir='ltr'><strong><em>θεὸν</em></strong></span> <span class='ocrx_word' id='word_1_206' title='bbox 917 2516 954 2583; x_wconf 86' lang='grc' dir='ltr'><strong><em>έκ</em></strong></span> <span class='ocrx_word' id='word_1_207' title='bbox 975 2517 1060 2583; x_wconf 85' lang='grc' dir='ltr'><strong><em>θεοῦ</em></strong></span> <span class='ocrx_word' id='word_1_208' title='bbox 1080 2517 1135 2581; x_wconf 85' lang='grc' dir='ltr'><strong><em>καί</em></strong></span> <span class='ocrx_word' id='word_1_209' title='bbox 1158 2517 1234 2598; x_wconf 85' lang='grc' dir='ltr'><strong><em>φώς</em></strong></span> <span class='ocrx_word' id='word_1_210' title='bbox 1255 2516 1293 2583; x_wconf 80' lang='grc' dir='ltr'><strong><em>ἐκ</em></strong></span> <span class='ocrx_word' id='word_1_211' title='bbox 1314 2508 1432 2598; x_wconf 82' lang='grc' dir='ltr'><strong><em>φωτὸς</em></strong></span> <span class='ocrx_word' id='word_1_212' title='bbox 1453 2517 1510 2580; x_wconf 85' lang='grc' dir='ltr'><strong><em>καί</em></strong></span> <span class='ocrx_word' id='word_1_213' title='bbox 1533 2509 1623 2599; x_wconf 83' lang='grc' dir='ltr'><strong><em>ζωὴν</em></strong></span> <span class='ocrx_word' id='word_1_214' title='bbox 1637 2512 1672 2579; x_wconf 83' lang='grc' dir='ltr'><strong><em>έκ</em></strong></span> 
     </span>
     <span class='ocr_line' id='line_1_22' title="bbox 369 2606 1672 2702; baseline -0.004 -19"><span class='ocrx_word' id='word_1_215' title='bbox 369 2618 471 2702; x_wconf 89' lang='grc' dir='ltr'><strong><em>ζωῆς,</em></strong></span> <span class='ocrx_word' id='word_1_216' title='bbox 503 2606 657 2695; x_wconf 88' lang='grc' dir='ltr'><strong><em>ἀλέκτοις</em></strong></span> <span class='ocrx_word' id='word_1_217' title='bbox 687 2619 742 2683; x_wconf 82' lang='grc' dir='ltr'><strong><em>καὶ</em></strong></span> <span class='ocrx_word' id='word_1_218' title='bbox 775 2609 934 2701; x_wconf 83' lang='grc' dir='ltr'><strong><em>ἀρρήτοις</em></strong></span> <span class='ocrx_word' id='word_1_219' title='bbox 964 2617 1020 2682; x_wconf 87' lang='grc' dir='ltr'><strong><em>καί</em></strong></span> <span class='ocrx_word' id='word_1_220' title='bbox 1049 2606 1269 2682; x_wconf 80' lang='grc' dir='ltr'><strong><em>παντάπασιν</em></strong></span> <span class='ocrx_word' id='word_1_221' title='bbox 1300 2607 1490 2699; x_wconf 80' lang='grc' dir='ltr'><strong><em>ἀγνώστοις</em></strong></span> <span class='ocrx_word' id='word_1_222' title='bbox 1518 2606 1595 2699; x_wconf 78' lang='grc' dir='ltr'><strong><em>ῆμίν</em></strong></span> <span class='ocrx_word' id='word_1_223' title='bbox 1619 2616 1672 2679; x_wconf 86' lang='grc' dir='ltr'><strong><em>καί</em></strong></span> 
     </span>
     <span class='ocr_line' id='line_1_23' title="bbox 369 2703 1672 2803; baseline -0.003 -21"><span class='ocrx_word' id='word_1_224' title='bbox 369 2706 624 2799; x_wconf 82' lang='grc' dir='ltr'><strong><em>ἀκαταλήπτοις</em></strong></span> <span class='ocrx_word' id='word_1_225' title='bbox 647 2710 760 2799; x_wconf 86' lang='grc' dir='ltr'><strong><em>λόγοις</em></strong></span> <span class='ocrx_word' id='word_1_226' title='bbox 782 2715 819 2782; x_wconf 81' lang='grc' dir='ltr'><strong><em>ἐκ</em></strong></span> <span class='ocrx_word' id='word_1_227' title='bbox 840 2710 1054 2800; x_wconf 85' lang='grc' dir='ltr'><strong><em>τοῦπατρὸς</em></strong></span> <span class='ocrx_word' id='word_1_228' title='bbox 1075 2714 1130 2781; x_wconf 86' lang='grc' dir='ltr'><strong><em>έπί</em></strong></span> <span class='ocrx_word' id='word_1_229' title='bbox 1150 2716 1301 2803; x_wconf 79' lang='grc' dir='ltr'><strong><em>σωτηρίη</em></strong></span> <span class='ocrx_word' id='word_1_230' title='bbox 1317 2717 1391 2780; x_wconf 85' lang='grc' dir='ltr'><strong><em>τοῦν</em></strong></span> <span class='ocrx_word' id='word_1_231' title='bbox 1406 2703 1501 2780; x_wconf 80' lang='grc' dir='ltr'><strong><em>ὅλων</em></strong></span> <span class='ocrx_word' id='word_1_232' title='bbox 1524 2735 1672 2797; x_wconf 87' lang='grc' dir='ltr'><strong><em>γεγεννη-</em></strong></span> 
     </span>
     <span class='ocr_line' id='line_1_24' title="bbox 367 2803 1671 2900; baseline -0.002 -22"><span class='ocrx_word' id='word_1_233' title='bbox 367 2814 483 2896; x_wconf 87' lang='grc' dir='ltr'><strong><em>μένον,</em></strong></span> <span class='ocrx_word' id='word_1_234' title='bbox 514 2815 569 2879; x_wconf 85' lang='grc' dir='ltr'><strong><em>καί</em></strong></span> <span class='ocrx_word' id='word_1_235' title='bbox 599 2805 660 2897; x_wconf 83' lang='grc' dir='ltr'><strong><em>οάχ</em></strong></span> <span class='ocrx_word' id='word_1_236' title='bbox 690 2807 817 2897; x_wconf 86' lang='grc' dir='ltr'><strong><em>ὁμοίως</em></strong></span> <span class='ocrx_word' id='word_1_237' title='bbox 846 2818 908 2899; x_wconf 79' lang='grc' dir='ltr'><strong><em>μὲν</em></strong></span> <span class='ocrx_word' id='word_1_238' title='bbox 934 2830 1007 2895; x_wconf 76' lang='grc' dir='ltr'><strong><em>τοῖς</em></strong></span> <span class='ocrx_word' id='word_1_239' title='bbox 1029 2819 1161 2892; x_wconf 78' lang='grc' dir='ltr'><strong><em>λοιποῖς</em></strong></span> <span class='ocrx_word' id='word_1_240' title='bbox 1183 2828 1356 2900; x_wconf 79' lang='grc' dir='ltr'><strong><em>γεννητοῖς</em></strong></span> <span class='ocrx_word' id='word_1_241' title='bbox 1376 2806 1577 2881; x_wconf 77' lang='grc' dir='ltr'><strong><em>ἀποστάντα</em></strong></span> <span class='ocrx_word' id='word_1_242' title='bbox 1598 2803 1671 2878; x_wconf 82' lang='grc' dir='ltr'><strong><em>οάδὲ</em></strong></span> 
     </span>
     <span class='ocr_line' id='line_1_25' title="bbox 368 2903 1672 3000; baseline -0.002 -23"><span class='ocrx_word' id='word_1_243' title='bbox 368 2908 460 2997; x_wconf 81' lang='grc' dir='ltr'><strong><em>ζωὴν</em></strong></span> <span class='ocrx_word' id='word_1_244' title='bbox 481 2912 609 2998; x_wconf 85' lang='grc' dir='ltr'><strong><em>έμφερῆ</em></strong></span> <span class='ocrx_word' id='word_1_245' title='bbox 631 2926 703 2990; x_wconf 80' lang='grc' dir='ltr'><strong><em>τοῖς</em></strong></span> <span class='ocrx_word' id='word_1_246' title='bbox 725 2905 766 2979; x_wconf 81' lang='grc' dir='ltr'><strong><em>δι’</em></strong></span> <span class='ocrx_word' id='word_1_247' title='bbox 782 2906 889 2983; x_wconf 78' lang='grc' dir='ltr'><strong><em>αὐτοῦ</em></strong></span> <span class='ocrx_word' id='word_1_248' title='bbox 904 2916 1157 3000; x_wconf 86' lang='grc' dir='ltr'><strong><em>γεγεννημένοις</em></strong></span> <span class='ocrx_word' id='word_1_249' title='bbox 1179 2916 1303 2996; x_wconf 82' lang='grc' dir='ltr'><strong><em>ζῶντα,</em></strong></span> <span class='ocrx_word' id='word_1_250' title='bbox 1325 2906 1435 2996; x_wconf 89' lang='grc' dir='ltr'><strong><em>μόνον</em></strong></span> <span class='ocrx_word' id='word_1_251' title='bbox 1456 2914 1492 2979; x_wconf 77' lang='grc' dir='ltr'><strong><em>δὲ</em></strong></span> <span class='ocrx_word' id='word_1_252' title='bbox 1515 2912 1552 2993; x_wconf 80' lang='grc' dir='ltr'><strong><em>έζ</em></strong></span> <span class='ocrx_word' id='word_1_253' title='bbox 1570 2903 1672 2979; x_wconf 82' lang='grc' dir='ltr'><strong><em>αῦτοῦ</em></strong></span> 
     </span>
    </p>

    <p class='ocr_par' dir='ltr' id='par_1_7' title="bbox 315 3003 1717 3496">
     <span class='ocr_line' id='line_1_26' title="bbox 315 3003 1717 3098; baseline 0.001 -22"><span class='ocrx_word' id='word_1_254' title='bbox 315 3021 349 3077; x_wconf 82' lang='grc'><strong><em>25</em></strong></span> <span class='ocrx_word' id='word_1_255' title='bbox 367 3015 431 3079; x_wconf 90' lang='grc' dir='ltr'><strong><em>τοῦ</em></strong></span> <span class='ocrx_word' id='word_1_256' title='bbox 451 3007 580 3095; x_wconf 88' lang='grc' dir='ltr'><strong><em>πατρὸς</em></strong></span> <span class='ocrx_word' id='word_1_257' title='bbox 601 3004 839 3097; x_wconf 85' lang='grc' dir='ltr'><strong><em>ἀποτεχθέντα</em></strong></span> <span class='ocrx_word' id='word_1_258' title='bbox 860 3016 917 3080; x_wconf 85' lang='grc' dir='ltr'><strong><em>καὶ</em></strong></span> <span class='ocrx_word' id='word_1_259' title='bbox 939 3004 1117 3098; x_wconf 83' lang='grc' dir='ltr'><strong><em>αάτοζωῆν</em></strong></span> <span class='ocrx_word' id='word_1_260' title='bbox 1140 3003 1233 3080; x_wconf 84' lang='grc' dir='ltr'><strong><em>ὄντα.</em></strong></span> <span class='ocrx_word' id='word_1_261' title='bbox 1275 3014 1329 3078; x_wconf 83' lang='grc' dir='ltr'><strong><em>καί</em></strong></span> <span class='ocrx_word' id='word_1_262' title='bbox 1353 3011 1499 3096; x_wconf 81' lang='grc' dir='ltr'><strong><em>ἔπρεπεν</em></strong></span> <span class='ocrx_word' id='word_1_263' title='bbox 1530 3006 1593 3097; x_wconf 84' lang='grc' dir='ltr'><strong><em>γάρ</em></strong></span> <span class='ocrx_word' id='word_1_264' title='bbox 1623 3011 1670 3095; x_wconf 81' lang='grc' dir='ltr'><strong><em>τῷ</em></strong></span> <span class='ocrx_word' id='word_1_265' title='bbox 1702 3020 1717 3072; x_wconf 85' lang='grc'><strong><em>3</em></strong></span> 
     </span>
     <span class='ocr_line' id='line_1_27' title="bbox 367 3104 1671 3198; baseline -0.001 -21"><span class='ocrx_word' id='word_1_266' title='bbox 367 3112 422 3178; x_wconf 80' lang='grc' dir='ltr'><strong><em>ἐπὶ</em></strong></span> <span class='ocrx_word' id='word_1_267' title='bbox 443 3106 589 3180; x_wconf 82' lang='grc' dir='ltr'><strong><em>πάντων</em></strong></span> <span class='ocrx_word' id='word_1_268' title='bbox 611 3116 684 3197; x_wconf 82' lang='grc' dir='ltr'><strong><em>θεῷ</em></strong></span> <span class='ocrx_word' id='word_1_269' title='bbox 706 3108 774 3197; x_wconf 88' lang='grc' dir='ltr'><strong><em>πρὸ</em></strong></span> <span class='ocrx_word' id='word_1_270' title='bbox 797 3107 929 3191; x_wconf 87' lang='grc' dir='ltr'><strong><em>παντὸς</em></strong></span> <span class='ocrx_word' id='word_1_271' title='bbox 951 3116 1096 3198; x_wconf 87' lang='grc' dir='ltr'><strong><em>γενητοῦ</em></strong></span> <span class='ocrx_word' id='word_1_272' title='bbox 1117 3117 1173 3179; x_wconf 86' lang='grc' dir='ltr'><strong><em>καί</em></strong></span> <span class='ocrx_word' id='word_1_273' title='bbox 1194 3106 1262 3195; x_wconf 85' lang='grc' dir='ltr'><strong><em>πρὸ</em></strong></span> <span class='ocrx_word' id='word_1_274' title='bbox 1283 3105 1430 3179; x_wconf 79' lang='grc' dir='ltr'><strong><em>πάντων</em></strong></span> <span class='ocrx_word' id='word_1_275' title='bbox 1461 3106 1603 3179; x_wconf 78' lang='grc' dir='ltr'><strong><em>αἰώνων</em></strong></span> <span class='ocrx_word' id='word_1_276' title='bbox 1632 3104 1671 3176; x_wconf 85' lang='grc' dir='ltr'><strong><em>τὸ</em></strong></span> 
     </span>
     <span class='ocr_line' id='line_1_28' title="bbox 366 3205 1672 3298; baseline -0.002 -20"><span class='ocrx_word' id='word_1_277' title='bbox 366 3214 546 3296; x_wconf 82' lang='grc' dir='ltr'><strong><em>μονογενὲς</em></strong></span> <span class='ocrx_word' id='word_1_278' title='bbox 568 3214 674 3280; x_wconf 89' lang='grc' dir='ltr'><strong><em>τοῦτο</em></strong></span> <span class='ocrx_word' id='word_1_279' title='bbox 690 3214 922 3295; x_wconf 83' lang='grc' dir='ltr'><strong><em>προβαλέσθαι</em></strong></span> <span class='ocrx_word' id='word_1_280' title='bbox 938 3213 1094 3298; x_wconf 89' lang='grc' dir='ltr'><strong><em>γέννημα,</em></strong></span> <span class='ocrx_word' id='word_1_281' title='bbox 1118 3205 1231 3295; x_wconf 78' lang='grc' dir='ltr'><strong><em>ὥσπερ</em></strong></span> <span class='ocrx_word' id='word_1_282' title='bbox 1247 3206 1325 3278; x_wconf 83' lang='grc' dir='ltr'><strong><em>τινὰ</em></strong></span> <span class='ocrx_word' id='word_1_283' title='bbox 1340 3212 1488 3295; x_wconf 87' lang='grc' dir='ltr'><strong><em>κρηπίδα</em></strong></span> <span class='ocrx_word' id='word_1_284' title='bbox 1508 3214 1564 3278; x_wconf 86' lang='grc' dir='ltr'><strong><em>καί</em></strong></span> <span class='ocrx_word' id='word_1_285' title='bbox 1580 3211 1672 3294; x_wconf 87' lang='grc' dir='ltr'><strong><em>θεμέ-</em></strong></span> 
     </span>
     <span class='ocr_line' id='line_1_29' title="bbox 368 3301 1672 3396; baseline -0.004 -18"><span class='ocrx_word' id='word_1_286' title='bbox 368 3318 444 3378; x_wconf 89' lang='grc' dir='ltr'><strong><em>λιον</em></strong></span> <span class='ocrx_word' id='word_1_287' title='bbox 464 3303 591 3396; x_wconf 88' lang='grc' dir='ltr'><strong><em>ἀρραγῆ</em></strong></span> <span class='ocrx_word' id='word_1_288' title='bbox 613 3314 687 3378; x_wconf 85' lang='grc' dir='ltr'><strong><em>τών</em></strong></span> <span class='ocrx_word' id='word_1_289' title='bbox 707 3303 908 3392; x_wconf 86' lang='grc' dir='ltr'><strong><em>μελλόντων</em></strong></span> <span class='ocrx_word' id='word_1_290' title='bbox 924 3303 964 3377; x_wconf 84' lang='grc' dir='ltr'><strong><em>δι’</em></strong></span> <span class='ocrx_word' id='word_1_291' title='bbox 985 3303 1092 3379; x_wconf 86' lang='grc' dir='ltr'><strong><em>αῦτοῦ</em></strong></span> <span class='ocrx_word' id='word_1_292' title='bbox 1113 3304 1321 3395; x_wconf 83' lang='grc' dir='ltr'><strong><em>γενήσεσθαι.</em></strong></span> <span class='ocrx_word' id='word_1_293' title='bbox 1364 3304 1416 3377; x_wconf 88' lang='grc' dir='ltr'><strong><em>διδ</em></strong></span> <span class='ocrx_word' id='word_1_294' title='bbox 1439 3305 1480 3394; x_wconf 87' lang='grc' dir='ltr'><strong><em>δῆ</em></strong></span> <span class='ocrx_word' id='word_1_295' title='bbox 1503 3305 1571 3392; x_wconf 88' lang='grc' dir='ltr'><strong><em>πρὸ</em></strong></span> <span class='ocrx_word' id='word_1_296' title='bbox 1593 3301 1672 3375; x_wconf 87' lang='grc' dir='ltr'><strong><em>πάν-</em></strong></span> 
     </span>
     <span class='ocr_line' id='line_1_30' title="bbox 368 3402 1672 3496; baseline -0.001 -21"><span class='ocrx_word' id='word_1_297' title='bbox 368 3435 441 3476; x_wconf 87' lang='grc' dir='ltr'><strong><em>των</em></strong></span> <span class='ocrx_word' id='word_1_298' title='bbox 463 3415 536 3478; x_wconf 88' lang='grc' dir='ltr'><strong><em>τών</em></strong></span> <span class='ocrx_word' id='word_1_299' title='bbox 557 3404 757 3496; x_wconf 80' lang='grc' dir='ltr'><strong><em>μελλόντων</em></strong></span> <span class='ocrx_word' id='word_1_300' title='bbox 780 3409 914 3477; x_wconf 77' lang='grc' dir='ltr'><strong><em>ἔσεσθαι</em></strong></span> <span class='ocrx_word' id='word_1_301' title='bbox 936 3406 1000 3478; x_wconf 86' lang='grc' dir='ltr'><strong><em>τὸν</em></strong></span> <span class='ocrx_word' id='word_1_302' title='bbox 1027 3404 1104 3477; x_wconf 85' lang='grc' dir='ltr'><strong><em>υίόν</em></strong></span> <span class='ocrx_word' id='word_1_303' title='bbox 1133 3410 1252 3494; x_wconf 88' lang='grc' dir='ltr'><strong><em>έγέννα</em></strong></span> <span class='ocrx_word' id='word_1_304' title='bbox 1285 3403 1399 3492; x_wconf 78' lang='grc' dir='ltr'><strong><em>ὥσπερ</em></strong></span> <span class='ocrx_word' id='word_1_305' title='bbox 1430 3403 1525 3488; x_wconf 86' lang='grc' dir='ltr'><strong><em>τινὸς</em></strong></span> <span class='ocrx_word' id='word_1_306' title='bbox 1557 3402 1672 3492; x_wconf 85' lang='grc' dir='ltr'><strong><em>φωτὸς</em></strong></span> 
     </span>
    </p>

    <p class='ocr_par' dir='ltr' id='par_1_8' title="bbox 315 3497 1716 3993">
     <span class='ocr_line' id='line_1_31' title="bbox 315 3497 1672 3596; baseline -0.002 -23"><span class='ocrx_word' id='word_1_307' title='bbox 315 3520 349 3573; x_wconf 83' lang='lat'><strong><em>30</em></strong></span> <span class='ocrx_word' id='word_1_308' title='bbox 366 3503 487 3577; x_wconf 82' lang='grc' dir='ltr'><strong><em>ἀκτῖνα</em></strong></span> <span class='ocrx_word' id='word_1_309' title='bbox 509 3513 565 3577; x_wconf 90' lang='grc' dir='ltr'><strong><em>καί</em></strong></span> <span class='ocrx_word' id='word_1_310' title='bbox 588 3513 677 3596; x_wconf 87' lang='grc' dir='ltr'><strong><em>ζωῆς</em></strong></span> <span class='ocrx_word' id='word_1_311' title='bbox 699 3506 811 3596; x_wconf 78' lang='grc' dir='ltr'><strong><em>πηγὴν</em></strong></span> <span class='ocrx_word' id='word_1_312' title='bbox 830 3512 886 3575; x_wconf 86' lang='grc' dir='ltr'><strong><em>καί</em></strong></span> <span class='ocrx_word' id='word_1_313' title='bbox 907 3503 1083 3595; x_wconf 86' lang='grc' dir='ltr'><strong><em>θησαυρὸν</em></strong></span> <span class='ocrx_word' id='word_1_314' title='bbox 1106 3501 1261 3593; x_wconf 82' lang='grc' dir='ltr'><strong><em>ἀγαθῶν,</em></strong></span> <span class='ocrx_word' id='word_1_315' title='bbox 1296 3508 1351 3576; x_wconf 74' lang='grc' dir='ltr'><strong><em>»έν</em></strong></span> <span class='ocrx_word' id='word_1_316' title='bbox 1381 3497 1563 3593; x_wconf 79' lang='grc' dir='ltr'><strong><em>ᾦπάντες</em></strong></span> <span class='ocrx_word' id='word_1_317' title='bbox 1593 3505 1672 3572; x_wconf 85' lang='grc' dir='ltr'><strong><em>είσίν</em></strong></span> 
     </span>
     <span class='ocr_line' id='line_1_32' title="bbox 368 3599 1671 3695; baseline -0.002 -20"><span class='ocrx_word' id='word_1_318' title='bbox 368 3609 400 3675; x_wconf 82' lang='grc' dir='ltr'><strong><em>οἱ</em></strong></span> <span class='ocrx_word' id='word_1_319' title='bbox 431 3611 600 3694; x_wconf 85' lang='grc' dir='ltr'><strong><em>θησαυροὶ</em></strong></span> <span class='ocrx_word' id='word_1_320' title='bbox 633 3612 694 3695; x_wconf 90' lang='grc' dir='ltr'><strong><em>τῆς</em></strong></span> <span class='ocrx_word' id='word_1_321' title='bbox 725 3611 846 3692; x_wconf 82' lang='grc' dir='ltr'><strong><em>σοφίας</em></strong></span> <span class='ocrx_word' id='word_1_322' title='bbox 876 3611 932 3677; x_wconf 79' lang='grc' dir='ltr'><strong><em>καὶ</em></strong></span> <span class='ocrx_word' id='word_1_323' title='bbox 962 3611 1024 3693; x_wconf 91' lang='grc' dir='ltr'><strong><em>τῆς</em></strong></span> <span class='ocrx_word' id='word_1_324' title='bbox 1054 3605 1213 3693; x_wconf 89' lang='grc' dir='ltr'><strong><em>γνώσεως</em></strong></span> <span class='ocrx_word' id='word_1_325' title='bbox 1242 3601 1453 3693; x_wconf 74' lang='grc' dir='ltr'><strong><em>ἀπόκρυφοι(</em></strong></span> <span class='ocrx_word' id='word_1_326' title='bbox 1486 3604 1576 3676; x_wconf 80' lang='grc' dir='ltr'><strong><em>κατὰ</em></strong></span> <span class='ocrx_word' id='word_1_327' title='bbox 1611 3599 1671 3674; x_wconf 85' lang='grc' dir='ltr'><strong><em>τόν</em></strong></span> 
     </span>
     <span class='ocr_line' id='line_1_33' title="bbox 367 3700 1716 3795; baseline -0.002 -20"><span class='ocrx_word' id='word_1_328' title='bbox 367 3716 463 3775; x_wconf 84' lang='grc' dir='ltr'><strong><em>θεῖον</em></strong></span> <span class='ocrx_word' id='word_1_329' title='bbox 489 3700 694 3777; x_wconf 86' lang='grc' dir='ltr'><strong><em>ἀπόστολον.</em></strong></span> <span class='ocrx_word' id='word_1_330' title='bbox 739 3704 917 3776; x_wconf 83' lang='grc' dir='ltr'><strong><em>τοσούτων</em></strong></span> <span class='ocrx_word' id='word_1_331' title='bbox 949 3703 1091 3794; x_wconf 88' lang='grc' dir='ltr'><strong><em>ἀγαθών</em></strong></span> <span class='ocrx_word' id='word_1_332' title='bbox 1121 3700 1140 3777; x_wconf 88' lang='grc' dir='ltr'><strong><em>ό</em></strong></span> <span class='ocrx_word' id='word_1_333' title='bbox 1171 3702 1276 3795; x_wconf 90' lang='grc' dir='ltr'><strong><em>μόνος</em></strong></span> <span class='ocrx_word' id='word_1_334' title='bbox 1306 3700 1436 3793; x_wconf 86' lang='grc' dir='ltr'><strong><em>ἀγαθός</em></strong></span> <span class='ocrx_word' id='word_1_335' title='bbox 1466 3703 1581 3794; x_wconf 83' lang='grc' dir='ltr'><strong><em>πατὴρ</em></strong></span> <span class='ocrx_word' id='word_1_336' title='bbox 1611 3706 1671 3774; x_wconf 87' lang='grc' dir='ltr'><strong><em>τὸν</em></strong></span> <span class='ocrx_word' id='word_1_337' title='bbox 1701 3721 1716 3772; x_wconf 81' lang='grc' dir='ltr'><strong><em>ί</em></strong></span> 
     </span>
     <span class='ocr_line' id='line_1_34' title="bbox 366 3797 1670 3893; baseline -0.001 -21"><span class='ocrx_word' id='word_1_338' title='bbox 366 3801 442 3874; x_wconf 86' lang='grc' dir='ltr'><strong><em>υίὸν</em></strong></span> <span class='ocrx_word' id='word_1_339' title='bbox 464 3798 599 3893; x_wconf 76' lang='grc' dir='ltr'><strong><em>ἀφίστη,</em></strong></span> <span class='ocrx_word' id='word_1_340' title='bbox 622 3800 799 3892; x_wconf 77' lang='grc' dir='ltr'><strong><em>αὖτοζωὴν</em></strong></span> <span class='ocrx_word' id='word_1_341' title='bbox 822 3797 909 3875; x_wconf 85' lang='grc' dir='ltr'><strong><em>ὄντα</em></strong></span> <span class='ocrx_word' id='word_1_342' title='bbox 931 3804 1104 3890; x_wconf 84' lang='grc' dir='ltr'><strong><em>ζωοποὶδν</em></strong></span> <span class='ocrx_word' id='word_1_343' title='bbox 1126 3811 1199 3875; x_wconf 90' lang='grc' dir='ltr'><strong><em>τών</em></strong></span> <span class='ocrx_word' id='word_1_344' title='bbox 1221 3798 1325 3887; x_wconf 84' lang='grc' dir='ltr'><strong><em>όλων,</em></strong></span> <span class='ocrx_word' id='word_1_345' title='bbox 1347 3812 1404 3876; x_wconf 85' lang='grc' dir='ltr'><strong><em>καὶ</em></strong></span> <span class='ocrx_word' id='word_1_346' title='bbox 1426 3800 1590 3890; x_wconf 82' lang='grc' dir='ltr'><strong><em>αότοφώς</em></strong></span> <span class='ocrx_word' id='word_1_347' title='bbox 1614 3798 1670 3872; x_wconf 72' lang='grc' dir='ltr'><strong><em>»τὸ</em></strong></span> 
     </span>
     <span class='ocr_line' id='line_1_35' title="bbox 367 3898 1670 3993; baseline -0.002 -21"><span class='ocrx_word' id='word_1_348' title='bbox 367 3898 555 3990; x_wconf 74' lang='grc' dir='ltr'><strong><em>ἀληθινὸν(</em></strong></span> <span class='ocrx_word' id='word_1_349' title='bbox 588 3909 643 3973; x_wconf 85' lang='grc' dir='ltr'><strong><em>καὶ</em></strong></span> <span class='ocrx_word' id='word_1_350' title='bbox 673 3901 783 3991; x_wconf 87' lang='grc' dir='ltr'><strong><em>πάσης</em></strong></span> <span class='ocrx_word' id='word_1_351' title='bbox 815 3911 933 3991; x_wconf 84' lang='grc' dir='ltr'><strong><em>νοερᾶς</em></strong></span> <span class='ocrx_word' id='word_1_352' title='bbox 961 3911 1016 3975; x_wconf 85' lang='grc' dir='ltr'><strong><em>καὶ</em></strong></span> <span class='ocrx_word' id='word_1_353' title='bbox 1048 3910 1185 3993; x_wconf 90' lang='grc' dir='ltr'><strong><em>λογικῆς</em></strong></span> <span class='ocrx_word' id='word_1_354' title='bbox 1213 3901 1327 3987; x_wconf 77' lang='grc' dir='ltr'><strong><em>οὐσίας</em></strong></span> <span class='ocrx_word' id='word_1_355' title='bbox 1358 3900 1583 3990; x_wconf 87' lang='grc' dir='ltr'><strong><em>φωτιστικόν,</em></strong></span> <span class='ocrx_word' id='word_1_356' title='bbox 1618 3907 1670 3972; x_wconf 85' lang='grc' dir='ltr'><strong><em>καὶ</em></strong></span> 
     </span>
    </p>
   </div>
   <div class='ocr_carea' id='block_1_3' title="bbox 365 4122 1670 4293">
    <p class='ocr_par' dir='ltr' id='par_1_9' title="bbox 365 4122 1670 4293">
     <span class='ocr_line' id='line_1_36' title="bbox 454 4122 1670 4193; baseline -0.003 -15"><span class='ocrx_word' id='word_1_357' title='bbox 454 4124 524 4179; x_wconf 76' lang='grc' dir='ltr'><strong><em>14ίί</em></strong></span> <span class='ocrx_word' id='word_1_358' title='bbox 542 4124 598 4193; x_wconf 84' lang='lat' dir='ltr'>vgl.</span> <span class='ocrx_word' id='word_1_359' title='bbox 617 4123 666 4177; x_wconf 72' lang='lat' dir='ltr'><strong><em>das</em></strong></span> <span class='ocrx_word' id='word_1_360' title='bbox 684 4123 989 4179; x_wconf 74' lang='lat' dir='ltr'><strong>Glaubensbokennbnis</strong></span> <span class='ocrx_word' id='word_1_361' title='bbox 1008 4124 1054 4178; x_wconf 77' lang='lat' dir='ltr'><strong><em>des</em></strong></span> <span class='ocrx_word' id='word_1_362' title='bbox 1075 4123 1223 4179; x_wconf 77' lang='lat' dir='ltr'>Eusebius:</span> <span class='ocrx_word' id='word_1_363' title='bbox 1241 4125 1334 4192; x_wconf 78' lang='lat' dir='ltr'>Hahn‚</span> <span class='ocrx_word' id='word_1_364' title='bbox 1354 4125 1515 4181; x_wconf 74' lang='lat' dir='ltr'><strong>Bibliothek</strong></span> <span class='ocrx_word' id='word_1_365' title='bbox 1532 4125 1581 4179; x_wconf 73' lang='lat' dir='ltr'><strong><em>der</em></strong></span> <span class='ocrx_word' id='word_1_366' title='bbox 1597 4122 1670 4193; x_wconf 85' lang='lat' dir='ltr'><strong>Sym·</strong></span> 
     </span>
     <span class='ocr_line' id='line_1_37' title="bbox 365 4224 1341 4293; baseline 0.005 -16"><span class='ocrx_word' id='word_1_367' title='bbox 365 4224 444 4279; x_wconf 76' lang='lat' dir='ltr'>bole³</span> <span class='ocrx_word' id='word_1_368' title='bbox 462 4226 527 4281; x_wconf 81' lang='grc'>1897</span> <span class='ocrx_word' id='word_1_369' title='bbox 547 4226 561 4292; x_wconf 66' lang='grc' dir='ltr'>ξ</span> <span class='ocrx_word' id='word_1_370' title='bbox 581 4226 631 4282; x_wconf 82' lang='grc'><strong><em>188</em></strong></span> <span class='ocrx_word' id='word_1_371' title='bbox 648 4225 729 4285; x_wconf 74' lang='lat' dir='ltr'>(auch</span> <span class='ocrx_word' id='word_1_372' title='bbox 747 4225 807 4293; x_wconf 71' lang='lat'>1⁶23)</span> <span class='ocrx_word' id='word_1_373' title='bbox 827 4254 860 4264; x_wconf 89' lang='lat'>-</span> <span class='ocrx_word' id='word_1_374' title='bbox 881 4224 920 4280; x_wconf 80' lang='grc' dir='ltr'><strong><em>θθ</em></strong></span> <span class='ocrx_word' id='word_1_375' title='bbox 938 4225 1000 4280; x_wconf 81' lang='grc' dir='ltr'><strong><em>Καί.</em></strong></span> <span class='ocrx_word' id='word_1_376' title='bbox 1018 4227 1042 4293; x_wconf 83' lang='grc'><strong><em>2,</em></strong></span> <span class='ocrx_word' id='word_1_377' title='bbox 1060 4229 1076 4281; x_wconf 84' lang='grc'>3</span> <span class='ocrx_word' id='word_1_378' title='bbox 1094 4258 1126 4266; x_wconf 91' lang='grc'><strong>-</strong></span> <span class='ocrx_word' id='word_1_379' title='bbox 1145 4227 1184 4283; x_wconf 74' lang='grc'><strong><em>88</em></strong></span> <span class='ocrx_word' id='word_1_380' title='bbox 1203 4226 1264 4283; x_wconf 74' lang='grc' dir='ltr'><strong><em>ίοία</em></strong></span> <span class='ocrx_word' id='word_1_381' title='bbox 1284 4230 1306 4289; x_wconf 89' lang='grc'><strong><em>1,</em></strong></span> <span class='ocrx_word' id='word_1_382' title='bbox 1324 4230 1341 4282; x_wconf 90' lang='grc'>9</span> 
     </span>
    </p>
   </div>
   <div class='ocr_carea' id='block_1_4' title="bbox 368 4424 1669 4700">
    <p class='ocr_par' dir='ltr' id='par_1_10' title="bbox 368 4424 1669 4700">
     <span class='ocr_line' id='line_1_38' title="bbox 453 4424 1668 4497; baseline -0.004 -16"><span class='ocrx_word' id='word_1_383' title='bbox 453 4425 569 4481; x_wconf 61' lang='lat' dir='ltr'><strong><em>amm</em></strong></span> <span class='ocrx_word' id='word_1_384' title='bbox 595 4427 599 4492; x_wconf 90' lang='grc'>1</span> <span class='ocrx_word' id='word_1_385' title='bbox 625 4424 935 4494; x_wconf 74' lang='grc' dir='ltr'><strong><em>4διδάσκουσαί-ί-καί</em></strong></span> <span class='ocrx_word' id='word_1_386' title='bbox 952 4427 998 4481; x_wconf 88' lang='grc' dir='ltr'><strong><em>Μο</em></strong></span> <span class='ocrx_word' id='word_1_387' title='bbox 1027 4427 1031 4493; x_wconf 92' lang='grc' dir='ltr'>Ι</span> <span class='ocrx_word' id='word_1_388' title='bbox 1059 4426 1278 4497; x_wconf 83' lang='grc' dir='ltr'><strong><em>ίίπαρέχονσαν</em></strong></span> <span class='ocrx_word' id='word_1_389' title='bbox 1289 4429 1320 4495; x_wconf 79' lang='lat' dir='ltr'><strong><em>V,</em></strong></span> <span class='ocrx_word' id='word_1_390' title='bbox 1338 4444 1405 4485; x_wconf 85' lang='lat' dir='ltr'>corr.</span> <span class='ocrx_word' id='word_1_391' title='bbox 1416 4429 1462 4485; x_wconf 86' lang='lat' dir='ltr'><strong><em>Mo</em></strong></span> <span class='ocrx_word' id='word_1_392' title='bbox 1489 4432 1493 4497; x_wconf 89' lang='grc' dir='ltr'>Ι</span> <span class='ocrx_word' id='word_1_393' title='bbox 1521 4425 1590 4497; x_wconf 76' lang='grc' dir='ltr'><strong><em>ῆίίί</em></strong></span> <span class='ocrx_word' id='word_1_394' title='bbox 1611 4426 1627 4494; x_wconf 76' lang='grc' dir='ltr'><strong><em>η</em></strong></span> <span class='ocrx_word' id='word_1_395' title='bbox 1645 4425 1668 4476; x_wconf 70' lang='lat' dir='ltr'>V</span> 
     </span>
     <span class='ocr_line' id='line_1_39' title="bbox 368 4521 1669 4599; baseline 0 -18"><span class='ocrx_word' id='word_1_396' title='bbox 368 4529 372 4593; x_wconf 74' lang='grc' dir='ltr'><strong><em>ί</em></strong></span> <span class='ocrx_word' id='word_1_397' title='bbox 402 4527 488 4594; x_wconf 79' lang='grc' dir='ltr'><strong><em>θεῆς</em></strong></span> <span class='ocrx_word' id='word_1_398' title='bbox 505 4530 551 4580; x_wconf 75' lang='lat' dir='ltr'><strong><em>etr.</em></strong></span> <span class='ocrx_word' id='word_1_399' title='bbox 566 4526 617 4580; x_wconf 83' lang='lat' dir='ltr'><strong><em>We</em></strong></span> <span class='ocrx_word' id='word_1_400' title='bbox 644 4529 648 4592; x_wconf 91' lang='grc' dir='ltr'>Ι</span> <span class='ocrx_word' id='word_1_401' title='bbox 676 4527 714 4582; x_wconf 77' lang='grc'><strong><em>18</em></strong></span> <span class='ocrx_word' id='word_1_402' title='bbox 733 4521 816 4581; x_wconf 82' lang='grc' dir='ltr'><strong><em>ἀνΚί</em></strong></span> <span class='ocrx_word' id='word_1_403' title='bbox 844 4527 848 4592; x_wconf 93' lang='grc' dir='ltr'>Ι</span> <span class='ocrx_word' id='word_1_404' title='bbox 875 4521 917 4582; x_wconf 86' lang='grc' dir='ltr'><strong><em>διό</em></strong></span> <span class='ocrx_word' id='word_1_405' title='bbox 937 4528 968 4595; x_wconf 78' lang='grc' dir='ltr'><strong><em>δη</em></strong></span> <span class='ocrx_word' id='word_1_406' title='bbox 987 4527 1040 4582; x_wconf 85' lang='lat' dir='ltr'><strong><em>We</em></strong></span> <span class='ocrx_word' id='word_1_407' title='bbox 1057 4526 1148 4584; x_wconf 85' lang='grc' dir='ltr'><strong><em>διάτοι</em></strong></span> <span class='ocrx_word' id='word_1_408' title='bbox 1159 4530 1183 4581; x_wconf 84' lang='lat' dir='ltr'><strong>V</strong></span> <span class='ocrx_word' id='word_1_409' title='bbox 1209 4531 1213 4598; x_wconf 90' lang='grc' dir='ltr'>Ι</span> <span class='ocrx_word' id='word_1_410' title='bbox 1242 4532 1279 4586; x_wconf 77' lang='grc'><strong><em>16</em></strong></span> <span class='ocrx_word' id='word_1_411' title='bbox 1291 4525 1365 4599; x_wconf 74' lang='grc' dir='ltr'><strong><em>ἑνὸς]</em></strong></span> <span class='ocrx_word' id='word_1_412' title='bbox 1384 4537 1415 4594; x_wconf 78' lang='grc' dir='ltr'><strong><em>-ί-</em></strong></span> <span class='ocrx_word' id='word_1_413' title='bbox 1433 4526 1516 4585; x_wconf 71' lang='grc' dir='ltr'><strong><em>υίοῦλ</em></strong></span> <span class='ocrx_word' id='word_1_414' title='bbox 1539 4533 1544 4597; x_wconf 90' lang='grc' dir='ltr'>Ι</span> <span class='ocrx_word' id='word_1_415' title='bbox 1571 4528 1611 4585; x_wconf 72' lang='lat'><strong><em>2⁰</em></strong></span> <span class='ocrx_word' id='word_1_416' title='bbox 1628 4543 1669 4581; x_wconf 83' lang='grc' dir='ltr'><strong><em>σν·</em></strong></span> 
     </span>
     <span class='ocr_line' id='line_1_40' title="bbox 368 4627 739 4700; baseline 0 -19"><span class='ocrx_word' id='word_1_417' title='bbox 368 4627 465 4695; x_wconf 74' lang='grc' dir='ltr'><strong><em>νδντα]</em></strong></span> <span class='ocrx_word' id='word_1_418' title='bbox 485 4634 517 4691; x_wconf 65' lang='grc' dir='ltr'><strong><em>ί-</em></strong></span> <span class='ocrx_word' id='word_1_419' title='bbox 536 4634 575 4700; x_wconf 77' lang='grc' dir='ltr'><strong><em>τῷ</em></strong></span> <span class='ocrx_word' id='word_1_420' title='bbox 594 4630 679 4699; x_wconf 84' lang='grc' dir='ltr'><strong><em>πατρί</em></strong></span> <span class='ocrx_word' id='word_1_421' title='bbox 697 4640 739 4680; x_wconf 76' lang='lat' dir='ltr'><strong><em>mr</em></strong></span> 
     </span>
    </p>
   </div>
   <div class='ocr_carea' id='block_1_5' title="bbox 0 0 1854 5510">
    <p class='ocr_par' dir='ltr' id='par_1_11' title="bbox 0 0 1854 5510">
     <span class='ocr_line' id='line_1_41' title="bbox 0 0 1854 5510; baseline 0 2"><span class='ocrx_word' id='word_1_422' title='bbox 0 0 1854 5510; x_wconf 95' lang='lat' dir='ltr'><strong><em> </em></strong></span> 
     </span>
    </p>
   </div>
  </div>
 </body>
</html>
