3674 5506
302 465 361 526 156
891 457 1024 515 Eusebius

300 625 356 688 καί
380 616 493 707 ὥσπερ
515 624 551 691 ἐν
573 616 679 692 είκόνι
705 618 829 693 ἑαυτὸν
858 617 1139 710 ἐνοπτριζόμενος
1168 624 1206 692 έν
1235 617 1344 710 αὐτῷ·
1381 615 1434 693 διό
1466 644 1568 709 φησιν
1591 617 1611 710 ῆ

302 726 406 804 σοφία
439 722 523 809 »έγώ
555 717 643 810 ῆμην
672 713 693 809 ῆ
723 728 945 810 προοέχαιρεν
975 718 1054 792 καθ’
1087 716 1243 809 ῆμέρανι.
1286 716 1374 792 ἀλλὰ
1402 728 1458 792 καί
1488 716 1508 792 6
1537 721 1612 805 υίὸς

301 813 511 907 εὐφροσύνης
537 824 730 909 ἐπληροῦτο
761 820 947 911 γανῦμενος
977 825 1032 892 ἐπὶ
1062 827 1105 908 τῆ
1135 825 1199 892 τοῦ
1227 818 1359 909 πατρὸς
1390 825 1467 912 θέᾳ·
1503 827 1609 894 τοῦτο

301 923 384 1004 γοῦν
406 913 508 1000 αῦτδς
531 917 676 992 διδάσκει
699 927 810 1010 λέγων
828 916 1082 1010 »ηὐφραινόμην
1104 925 1139 990 δὲ
1161 918 1313 991 ἐνώπιον
1327 916 1433 991 αῦτοῦ
1454 924 1491 992 ἐν
1505 930 1611 993 παντὶ

265 1024 423 1108 σκαιρῷ,
446 1012 504 1089 ὅτε
527 1016 734 1109 ηὐφραίνετο
756 1020 822 1111 τῆν
845 1027 1066 1143 οἰκουμένην
1069 1024 1303 1103 συντελέσαςι,
1335 1026 1532 1110 οἰκουμένης
1559 1027 1611 1093 ἐν·
1627 1026 1667 1082 68

300 1122 414 1188 ταῦθα
435 1125 621 1209 νοουμένης
643 1127 705 1241 τῆς
726 1128 801 1191 τῶν
821 1129 975 1210 γενητῶν
996 1116 1164 1192 ἁπάντων
1191 1114 1532 1209 συμπληροῦίσεως,
1513 1152 1552 1212 ης
1572 1125 1611 1192 ἐκ
1572 1125 1696 1192 ἐ166

301 1225 363 1289 τοῦ
384 1216 429 1346 μῆ
452 1211 556 1301 ὄντος
578 1225 625 1301 είς
646 1218 688 1291 τό
711 1222 796 1293 είναι
818 1219 872 1292 διὰ
894 1250 958 1293 του
942 1223 1054 1292 υἱοῦ
1063 1216 1336 1341 προαγομένης
1318 1250 1337 1290 ο
1355 1227 1429 1291 τῶν
1443 1215 1611 1293 ἁπάντων

302 1313 509 1407 ηὐφραίνετο
532 1315 621 1401 θεός.
664 1315 767 1406 όμὲν
789 1313 852 1393 οῦν
873 1317 1023 1439 ἄληθῆς·
1032 1317 1148 1408 λόγος,
1180 1349 1228 1401 οος
1258 1324 1476 1442 6666616616
1496 1325 1612 1392 καὶέν

301 1415 454 1507 ἐπιτόμῳ
478 1416 626 1508 διηγήσει
646 1418 896 1510 παριστάμενος
918 1425 955 1491 ἐκ
981 1425 1042 1509 τῆς
1073 1426 1168 1501 θείας
1196 1425 1339 1508 γραφῆς,
1371 1418 1530 1504 τοιοῦτός
1560 1451 1612 1504 τις

247 1531 284 1585 10
302 1514 345 1588 διν
367 1522 426 1607 είη.
469 1513 488 1590 6
520 1516 553 1589 δ’
576 1518 716 1592 ἄνωθεν
743 1517 840 1593 κάτω
864 1516 1052 1608 φερόμενος
1077 1523 1132 1589 ἐπὶ
1154 1516 1219 1607 τῆν
1241 1516 1348 1607 σάρκα
1370 1526 1435 1591 τοῦ
1456 1527 1612 1611 σωτῆρος

302 1613 400 1706 ἡμῶν
421 1617 485 1708 τῆν
511 1615 665 1691 διάνοιαν
695 1620 874 1706 ἐξώκειλεν
904 1624 1136 1709 παρατρέπων
1166 1625 1222 1688 καὶ
1251 1617 1518 1708 παρερμηνεῦων
1548 1618 1612 1691 τὸν

302 1714 415 1809 ἀληθῆ
437 1723 521 1790 νοῦν
541 1724 602 1807 τῆς
624 1720 860 1792 θεοπνεύστου
882 1727 1020 1810 γραφῆς.
1064 1715 1151 1790 ἀλλὰ
1181 1724 1236 1788 καὶ
1262 1721 1317 1788 ἐπί
1344 1716 1408 1790 τὸν
1429 1715 1536 1807 λόγον
1555 1749 1611 1808 με·
1627 1726 1666 1780 59

301 1815 405 1900 ταβόις
428 1814 535 1889 αὐτὸν
557 1820 644 1890 εἷναί
670 1843 786 1941 φησιν
800 1818 863 1890 τόν
885 1823 985 1891 ἔνδον
1011 1823 1126 1908 ἐντῷ
1149 1815 1304 1906 πατρὶ(
1276 1848 1325 1900 ως
1345 1822 1383 1889 ἐν
1404 1825 1610 1909 διαλογισμῷ

300 1925 356 1988 καί
377 1915 615 2008 ἐνθυμῆσει
579 1947 643 1989 τον
665 1915 813 2008 οὐρανόν
835 1914 1053 2007 ῆτοιμακότα.
1090 1922 1204 2037 ἔλεγεν
1219 1924 1301 2007 γοῦν
1316 1914 1433 2000 αὐτοῖς
1452 1917 1611 2009 ῥήμασιν
1628 1927 1668 1982 60

249 2034 282 2087 15
364 2022 433 2104 (Nr
456 2025 508 2105 54)
530 2015 598 2107 πρὸ
620 2016 683 2108 γὰρ
706 2025 769 2089 τοῦ
791 2016 855 2090 τόν
876 2013 1004 2106 κόσμον
1018 2022 1158 2107 ποιῆσαι
1173 2008 1216 2106 ῆν
1230 2048 1249 2088 ο
1238 2012 1366 2107 λόγος
1380 2022 1418 2089 ἐν
1434 2047 1484 2107 τῳ
1467 2025 1611 2107 ’πατρί

364 2112 423 2188 ὅτε
454 2112 539 2187 66‘
520 2147 539 2188 ο
566 2115 820 2208 παντοκράτωρ
845 2116 929 2200 θεὸς
954 2114 1070 2189 πάντα
1096 2117 1140 2188 τὰ
1165 2120 1203 2187 ἐν
1234 2113 1391 2206 οὐρανοῖς
1416 2088 1471 2188 καί
1491 2116 1534 2189 τὰ
1556 2122 1611 2191 ἐπὶ

363 2222 425 2305 τῆς
447 2223 507 2306 γῆς
527 2224 666 2307 ποιῆσαι
686 2224 872 2306 προέθετο,
896 2212 1105 2306 ἐνεργείας(
1085 2247 1105 2307 η
1127 2222 1191 2289 τοῦ
1211 2212 1340 2306 κόσμου
1354 2225 1481 2307 γένεσις
1502 2221 1611 2290 ἐδεῖτο

364 2321 555 2406 δραστικῆς·
598 2323 654 2387 καί
690 2316 745 2389 διὰ
780 2323 901 2400 τοῦτο,
935 2314 1080 2407 μηδενός
1115 2308 1218 2399 ὄντος
1252 2318 1370 2406 ἐτέρου
1403 2316 1496 2406 πλὴν
1525 2323 1612 2390 θεοῦ

363 2412 490 2504 (πάντα
521 2415 583 2506 γὰρ
615 2411 829 2506 ὁμολογεῖται
858 2412 915 2487 ὑπ’
947 2411 1053 2487 αὐτοῦ
1082 2423 1310 2506 γεγενῆσθαι),
1347 2412 1428 2487 τότε
1458 2414 1478 2489 6
1509 2413 1611 2507 λόγος

362 2515 549 2604 προελθὼν
570 2519 700 2606 ἐγίνετο
722 2515 869 2606 ποιητῆς
891 2521 955 2588 τοῦ
975 2512 1186 2605 κόσμον,ο
1150 2521 1186 2604 <ο
1176 2512 1203 2604 >
1233 2522 1289 2586 καὶ
1314 2515 1485 2606 πρότερον
1511 2519 1610 2589 ἔνδον

363 2643 499 2737 νοητοος
521 2612 711 2705 ετοιμόζων
733 2612 849 2701 αὐτόν,
872 2613 921 2699 αίς
943 2612 1131 2688 διδάσκει(
1111 2622 1197 2738 ημᾶς
1210 2611 1230 2688 6
1244 2613 1425 2707 προφήτης
1439 2618 1610 2707 Σολομὼν

367 2710 484 2804 »ῆνίκα
506 2710 688 2804 ῆτοίμαζεν
709 2714 773 2787 τὸν
795 2711 952 2803 οὐρανόν,
975 2713 1199 2805 ονμπαρῆμην
1220 2711 1332 2805 αῦτῷι
1358 2722 1478 2805 λέγων.

301 2818 338 2886 ἐν
365 2814 416 2897 οίς
446 2812 608 2903 προσῆκει
638 2820 885 2903 ἐπισκέψασθαι
916 2823 995 2887 τίνα
1025 2811 1159 2901 τρόπον
1190 2818 1426 2904 ἐθελοκονφῶν
1457 2823 1519 2888 τοῦ
1548 2823 1611 2907 μὲν
1627 2830 1663 2884 61

304 2910 561 3003 »συμπαρῆμηνι
587 2911 650 2985 οῦκ
671 2911 795 2998 ἆκοῦει,
819 2909 838 2985 6
861 2920 1012 3004 σημαίνει
1034 2912 1220 3003 διαρρῆδην
1240 2924 1430 3003 παρουσίαν
1451 2922 1516 2988 τοῦ
1534 2922 1611 2989 υίοῦ

249 3034 284 3089 25
302 3012 396 3101 (σὺν)
406 3020 456 3102 τῷ
472 3022 585 3101 πατρί,
600 3011 829 3101 ἀποφαίνεται
844 3019 879 3085 δὲ
895 3021 938 3103 τῆ
953 3022 1066 3103 γραφῆ
1076 3019 1241 3096 ἐναντίας
1255 3020 1381 3103 μηδένα
1395 3016 1481 3087 εἶναι
1496 3018 1613 3104 ἕτερον

301 3112 392 3203 πλῆν
414 3120 477 3185 τοῦ
498 3121 584 3185 θεοῦ
605 3120 687 3202 πρὶν
708 3121 866 3201 γενέσθαι
893 3113 936 3185 τὰ
958 3112 1132 3203 γενόμενα·
1162 3119 1219 3185 καὶ
1241 3111 1303 3183 οὐκ
1325 3116 1462 3202 ἔφριξεν
1484 3114 1615 3204 ταύτην

301 3209 398 3299 ἇφείς
421 3211 485 3301 τὴν
503 3210 635 3301 φωνήν,
658 3210 843 3303 ἇρνητικῆν
857 3206 963 3286 οὖσαν
978 3219 1042 3284 τοῦ
1063 3218 1149 3298 υίοῦ,
1172 3209 1250 3286 οῦδὲ
1272 3212 1336 3303 τῆν
1356 3223 1457 3286 θείαν
1479 3214 1614 3304 γραφὴν

301 3310 509 3401 ἐδυοοοπῆθη
531 3319 767 3402 μαρτυροῦσαν
788 3311 856 3401 πρό
878 3319 940 3402 τῆς
961 3319 1025 3385 τοῦ
1046 3309 1194 3401 οὐρανοῦ
1214 3321 1357 3397 κτίσεως
1377 3310 1487 3403 μόνον
1506 3311 1614 3386 αὐτόν

303 3428 525 3503 συμπαρεῖναι
547 3419 598 3502 τῷ
621 3422 733 3500 πατρί.
779 3408 914 3502 »ῆνίκαι
939 3410 1002 3502 γάρ
1025 3434 1129 3503 φησιν
1153 3409 1352 3502 »ῆτοίμαζεν
1367 3412 1432 3485 τόν
1453 3411 1610 3501 οὐρανόν,

250 3534 285 3589 30
302 3509 526 3601 ονμπαρῆμην
549 3508 674 3602 αῦτηῦι.
718 3508 738 3602 ῆ
769 3512 831 3602 γὰρ
854 3512 914 3583 οῦν
940 3509 1104 3602 πρόθεσις
1134 3520 1185 3602 τῷ
1211 3529 1367 3602 παρεῖναι
1387 3518 1611 3604 προσκειμένη
1629 3522 1666 3578 62

302 3612 368 3702 τῆν
393 3611 481 3683 κατὰ
512 3610 553 3683 τό
584 3608 668 3684 αὐτὸ
700 3612 761 3684 σῦν
791 3615 897 3703 ἑτέρῳ
930 3618 1121 3700 παρουσίαν
1151 3618 1257 3702 δηλοῖ.
1308 3610 1370 3703 οόχ
1399 3608 1520 3696 ἅπλῶς
1550 3605 1614 3685 οῦν

302 3729 474 3800 παρεῖναι,
507 3708 593 3784 ἀλλὰ
623 3732 844 3802 συμπαρεῖναι
873 3709 997 3784 ἑαυτὸν
1026 3718 1077 3801 τῷ
1107 3720 1212 3800 πατρί
1242 3708 1396 3784 διδάσκει
1438 3719 1494 3787 82¹
1516 3708 1613 3785 καὶὸ

302 3810 416 3901 πατὴρ
438 3817 474 3883 δέ
496 3808 557 3900 οῦχ
584 3808 705 3895 ἁπλῶς
735 3816 879 3902 ἔχαιρεν,
910 3807 998 3883 ἀλλὰ
1028 3817 1250 3900 προσέχαιρεν
1280 3819 1323 3901 τῆ
1352 3820 1521 3903 παρουσίᾳ
1550 3820 1614 3884 τοῦ

302 3916 392 3984 υἱοῦ·
423 3907 475 3982 διό
498 3933 602 4000 φησιν
635 3912 719 4001 »ἐγώ
742 3909 831 4002 ῆμην
852 3904 873 4001 ῆ
895 3917 1114 4000 προσέχαιρον
1135 3906 1215 3981 καθ’
1238 3907 1392 4001 ῆμέρανι.
1435 3911 1476 3984 τὸ
1498 3918 1535 3983 δὲ
1556 3920 1612 3983 καὶ
1630 3927 1665 3981 63

252 4030 285 4084 35
304 4008 546 4101 εὐφραίνεσθαι
567 4007 675 4082 αὐτὸν
696 4010 845 4084 ἐνώπιον
867 4016 932 4082 τοῦ
956 4008 1089 4099 πατρὸς
1108 4016 1185 4092 πῶς
1208 4006 1251 4082 ἂν
1273 4006 1448 4099 δρμόσειεν
1468 4010 1513 4101 μῆ
1535 4008 1613 4099 ῦφε·

390 4235 408 4288 2
427 4232 507 4287 Prov.
525 4233 550 4299 8,
568 4233 602 4288 80
619 4261 653 4270 -
670 4232 690 4288 4
707 4231 786 4286 Prov.
803 4233 828 4295 8,
847 4231 888 4285 30.
907 4233 939 4287 31
957 4261 991 4271 -
1009 4230 1049 4286 22
1069 4230 1149 4286 Prov.
1167 4229 1192 4295 8,
1209 4231 1242 4285 27
1259 4260 1293 4270 -
1315 4228 1376 4287 251
1390 4232 1445 4302 ng
1464 4231 1613 4289 Nr.54.92.

305 4335 355 4391 108
372 4364 405 4372 -
424 4335 464 4390 28
482 4333 563 4388 Ρτοτ.
581 4334 606 4397 8,
624 4334 657 4388 27
675 4363 708 4374 -
727 4332 766 4389 84
784 4332 864 4387 Prov.
882 4334 906 4400 8,
925 4334 959 4389 30

391 4535 429 4590 12
456 4531 613 4603 ἀληθινοῦν
640 4539 689 4603 τῆς
706 4536 760 4597 V*‚
787 4550 856 4590 corr.
874 4533 925 4598 V²;
943 4533 1000 4603 vgl.
1018 4532 1044 4587 S.
1062 4535 1120 4601 141,
1138 4536 1171 4590 31
1204 4535 1209 4603 Ι
1242 4533 1280 4590 16
1306 4535 1432 4604 ποιῆσαι]
1451 4527 1525 4591 εἶναι
1550 4535 1614 4589 ανδ.

306 4636 343 4690 ει.
378 4638 381 4703 ι
415 4636 453 4693 εο
472 4636 488 4693 ο
507 4637 570 4691 and.
589 4638 627 4692 st.
655 4640 659 4704 ι
692 4637 732 4693 ει
751 4632 783 4703 σς
800 4676 807 4690 .
827 4675 833 4688 .
852 4678 858 4690 .
876 4641 916 4707 τῷ
933 4630 985 4708 οη
1003 4634 1055 4700 v*‚
1074 4651 1142 4689 corr.
1160 4634 1273 4704 τηατ
1291 4633 1429 4692 πυτίαι
1445 4636 1503 4706 ng
1520 4635 1547 4692 ι.
1565 4634 1618 4691 εοε
