3728 5508
921 453 1054 510 Eusebius

397 611 501 704 σάσης
530 615 654 705 σαρκός
683 624 803 705 σαφῶς
832 624 938 690 εἰπεῖν
968 617 1161 709 δυνήσομαι.
1213 625 1286 690 νυνί
1324 624 1359 691 δὲ
1391 617 1541 691 πιστεύω
1572 639 1647 702 ταῖς

398 722 506 799 θείαις
527 733 684 804 γραφαῖς,
716 711 771 789 ότι
792 718 839 802 εἷς
860 715 957 805 θεός,
979 727 1035 789 καὶ
1058 715 1077 790 ό
1104 719 1233 793 τούτου
1260 716 1363 808 λόγος
1383 725 1562 809 προῆλθεν
1584 724 1646 809 μέν

398 820 463 885 τοῦ
483 813 625 904 πατρός,
648 819 704 887 ίνα
728 813 860 889 »πάντα
882 816 924 891 δι’
947 816 1070 891 αῦτοῦι
1096 826 1246 908 γένηται·
1276 819 1362 909 μετά
1384 824 1420 890 δέ
1442 819 1506 891 τόν
1526 818 1647 909 καιρόν

398 920 459 1004 τῆς
480 923 623 1003 κρίσεως
644 922 700 987 καί
722 915 788 1005 τήν
810 924 884 990 τῶν
898 915 1064 991 ἀπάντων
1080 917 1269 1008 διόρθωσιν
1290 926 1346 990 καί
1369 917 1433 991 τόν
1453 914 1646 1005 ἀφανισμόν

397 1020 460 1102 τῆς
481 1010 716 1106 ἀντικειμένης
730 1011 861 1108 ἀπάσης
883 1025 1048 1108 ἐνεργείας
1073 1016 1171 1090 »τότε
1193 1017 1297 1102 αὐτὸς
1318 1016 1572 1108 ὑποταγήσεται
1593 1023 1646 1108 τῷ

397 1110 609 1201 ὑποτάξαντι
631 1112 725 1205 αύτῷ
749 1116 792 1187 τά
813 1115 946 1191 πάνται
974 1126 1064 1209 »θεῷ
1086 1128 1142 1190 καί
1169 1127 1308 1207 πατρία,
1339 1123 1394 1190 ίνα
1421 1112 1535 1201 ούτως
1561 1110 1581 1205 ή
1609 1121 1647 1188 ἐν

398 1219 472 1303 θεῷ
495 1209 515 1285 ό
537 1213 647 1303 λόγος,
671 1213 787 1306 ῶσπερ
808 1227 865 1289 καὶ
886 1216 1059 1309 πρότερον
1080 1211 1131 1308 ἦν.

336 1319 477 1385 τοιοῦτο
500 1321 599 1398 τέλος
621 1314 788 1405 ἐπήγαγεν
820 1325 864 1406 τῇ
893 1324 990 1410 σαρκί
1021 1324 1085 1391 τοῦ
1110 1324 1266 1409 σωτῆρος
1287 1315 1386 1409 ήμῶν
1408 1312 1427 1389 ό
1450 1315 1648 1408 θαυμαστός
1667 1337 1700 1392 19

335 1405 439 1496 οὗτος
453 1414 672 1505 συγγραφεύς,
686 1422 742 1489 47’
756 1413 996 1507 ἀμνημονήσας
1011 1410 1064 1488 ῶν
1077 1425 1154 1508 περί
1169 1415 1274 1507 αύτής
1293 1418 1348 1490 διά
1364 1424 1438 1489 τῶν
1453 1420 1648 1507 ἔμπροσθεν

285 1532 318 1584 10
337 1518 479 1602 εἴρηκεν.
522 1510 586 1586 εἱθ’
618 1511 637 1586 ό
667 1523 787 1603 σαφῶς
817 1510 932 1601 οῦτως
961 1515 1003 1588 τό
1033 1525 1129 1608 σῶμα
1159 1516 1201 1589 τό
1231 1515 1403 1608 σωτήριον
1432 1517 1560 1607 ἔρημον
1585 1523 1650 1587 τοῦ
1666 1522 1702 1576 20

338 1611 443 1702 λόγου
462 1613 664 1705 γενήσεσθαι
685 1616 770 1706 μετά
792 1614 856 1688 τόν
881 1622 939 1706 τῆς
960 1623 1101 1706 κρίσεως
1125 1615 1245 1706 καιρόν
1268 1612 1534 1707 ἀποφηνάμενος
1555 1612 1649 1688 εῦλά·

335 1722 430 1798 βειαν
451 1734 690 1802 προσποιεῖται
712 1722 767 1788 καί
788 1715 833 1806 μή
856 1722 980 1789 είδέναι
1001 1725 1105 1807 φησίν
1126 1715 1385 1806 ἀποκρίνεσθαι,
1413 1720 1444 1786 εί
1466 1746 1519 1798 τις
1542 1713 1649 1788 αύτόν

336 1817 449 1900 ἔροιτο
475 1822 553 1905 περὶ
581 1819 643 1904 τῆς
669 1811 806 1903 σαρκός,
838 1822 943 1905 φήσαι
964 1812 997 1887 δ’
1021 1814 1064 1886 ἀν
1083 1816 1171 1905 πρὸς
1192 1815 1256 1889 τόν
1277 1821 1480 1905 ἐρωτῶντα·
1513 1812 1558 1905 μή
1580 1843 1648 1904 μου

334 1908 519 1984 πυνθάνου
539 1922 616 2004 περὶ
640 1906 691 1984 ῶν
712 1916 757 2005 μή
779 1913 966 2006 μεμάθηκα
1009 1911 1174 1990 ἀλλὰκαὶ
1200 1911 1220 1987 ό
1242 1916 1357 2005 τυχῶν
1379 1914 1474 1988 εἶπεν
1496 1912 1540 1986 ἀν
1561 1914 1649 2002 πρός
1666 1932 1700 1986 21

283 2029 316 2082 15
334 2009 456 2095 αῦτόν,
484 2020 517 2083 τί
540 2015 581 2104 δή
603 2006 666 2086 οῦν
688 2014 816 2087 σαυτόν
837 2016 1015 2100 σκάπτεις,
1038 2014 1219 2103 άνθρωπε;
1249 2023 1284 2086 τί
1310 2020 1345 2086 δέ
1371 2013 1458 2087 κατὰ
1485 2021 1648 2104 κρημνῶν

334 2109 452 2196 ῶθεῑς,
482 2119 560 2200 περὶ
583 2105 636 2184 ῶν
656 2113 701 2204 μή
723 2113 921 2204 μεμάθηκας
943 2110 1138 2204 ὁριζόμενος
1163 2111 1356 2204 ἐγγράφως·
1387 2122 1423 2184 τί
1453 2120 1489 2185 δέ
1515 2112 1560 2203 μή
1588 2142 1650 2201 φυ-

334 2208 469 2295 λάττεις
499 2210 521 2283 ἀ
550 2213 642 2300 παρά
674 2221 747 2286 τῶν
777 2218 1065 2304 ἐκκλησιαστικῶν
1093 2222 1256 2303 πατέρων
1285 2222 1406 2286 τεκαὶ
1432 2211 1649 2285 διδασκάλων

333 2320 556 2401 παρείληφας,
580 2319 585 2401 Ι
610 2321 818 2403 νεωτερίζεις
844 2311 876 2385 δ’
904 2315 1064 2407 ἄντικρυς
1090 2322 1172 2387 νέαν
1196 2321 1253 2386 καὶ
1280 2321 1475 2401 ξενίζουσαν
1500 2309 1649 2400 εἰσάγων
1666 2323 1707 2379 54

333 2417 386 2500 τῶ
409 2418 471 2500 βίῳ
495 2409 717 2502 διαστροφήν,
740 2410 847 2503 ἀρχήν
869 2443 907 2486 τε
927 2412 1138 2504 πρόσκαιρον
1158 2421 1215 2486 καὶ
1237 2418 1409 2501 νεωτέραν
1431 2419 1474 2500 τῇ
1495 2420 1647 2503 βασιλείᾳ

282 2524 316 2579 20
334 2516 399 2582 τοῦ
421 2518 573 2602 Χριστοῦ
595 2512 708 2595 διδούς
728 2518 786 2584 καὶ
807 2511 936 2603 ταύτης
950 2520 1051 2597 τέλος
1064 2511 1301 2603 ύφιστάμενος,
1323 2519 1378 2582 καὶ
1400 2510 1465 2584 τόν
1486 2516 1549 2600 μὲν
1566 2506 1647 2599 ἀλη-

333 2618 409 2693 θῶς
430 2617 600 2701 μονογενῆ
623 2618 687 2684 τοῦ
709 2617 793 2683 θεοῦ
815 2610 891 2684 υἱόν
913 2610 1121 2704 ἀρνούμενος
1147 2611 1252 2702 λόγον
1282 2617 1318 2684 δὲ
1347 2610 1453 2696 ψιλόν
1484 2608 1648 2681 ἀνούσιον

332 2716 389 2780 καὶ
410 2705 653 2784 ἀνυπόστατον
673 2709 932 2800 ύποτιθέμενος,
961 2706 1003 2784 όν
1023 2710 1098 2784 οὔδ’
1121 2712 1240 2801 ἕτερον
1260 2707 1282 2800 ἢ
1304 2714 1418 2783 ἓνκαὶ
1440 2707 1572 2781 τοῦτόν
1593 2715 1646 2798 τῷ

333 2815 406 2898 θεῷ
429 2812 516 2882 εἷναι
531 2809 608 2899 φής,
629 2805 648 2882 ό
671 2811 712 2900 δή
733 2817 789 2884 καὶ
811 2817 878 2894 πᾶς
899 2816 990 2883 εἴποι
1012 2810 1055 2883 ἀν
1070 2808 1275 2901 ἀρνούμενος
1297 2809 1452 2883 τὸνυίὸν
1471 2814 1536 2880 τοῦ
1550 2815 1646 2891 θεοῦ,

333 2908 490 2995 είκότως;
511 2907 552 2981 ου’
576 2910 638 3000 γάρ
662 2911 734 2994 υίὸς
757 2905 777 2981 ό
800 2910 845 3001 μή
868 2906 1026 2998 ύφεστῶς
1049 2908 1160 3001 λόγος,
1183 2907 1231 2993 ῶς
1259 2906 1331 2981 οῦδ
1354 2905 1373 2981 ό
1403 2913 1441 2980 ἐν
1462 2905 1646 2997 ἀνθρώπῳ
1665 2913 1701 2968 22

280 3022 315 3078 25
334 3004 445 3097 λόγος,
456 3008 529 3093 υίὸς
545 3009 588 3082 ἀν
601 3038 688 3082 ποτε
706 3012 827 3100 ῥηθείη
848 3007 1046 3099 ἀνθρώπου,
1068 3015 1216 3100 ἐνεργείᾳ
1236 3006 1324 3098 μόνη
1346 3012 1384 3081 ἐν
1406 3015 1458 3097 τῷ
1481 3013 1647 3080 λαλοῦντι

333 3105 583 3198 συνιστάμενος.
626 3116 754 3181 τοῦτον
777 3107 808 3182 δ’
825 3115 862 3182 ἐκ
884 3116 948 3182 τοῦ
967 3109 1098 3196 πατρὸς
1117 3106 1185 3198 πρό
1207 3112 1299 3180 ἐτῶν
1318 3104 1393 3181 οὐδ’
1410 3101 1507 3180 όλων
1529 3134 1649 3194 τετρα·

332 3216 460 3280 κοσίων
482 3208 537 3280 διά
559 3214 620 3299 τῆς
641 3206 847 3301 ἀναλήψεως
877 3214 939 3298 τῆς
969 3208 1092 3298 σαρκὸς
1121 3206 1197 3280 υίόν
1225 3213 1311 3281 θεοῦ
1341 3213 1544 3297 γεγενῆσθαι
1573 3206 1648 3278 ἀνω

332 3304 429 3378 κάτω
452 3307 528 3397 φής,
550 3317 606 3380 καὶ
628 3304 756 3399 Ἰησοῦν
775 3317 833 3380 καὶ
849 3305 1000 3396 Χριστόν
1024 3304 1233 3398 ω’νομάσθαι,
1256 3305 1372 3379 είκόνα
1393 3335 1433 3378 τε
1457 3312 1540 3379 »τοῦ
1561 3312 1647 3378 θεοῦ

334 3412 396 3476 τοῦ
418 3402 585 3494 ἀοράτουι
610 3414 811 3497 χρηματίσαι
832 3413 888 3478 καί
913 3404 1160 3496 »πρωτότοκον
1180 3404 1290 3495 πάσης
1316 3413 1497 3491 κτίσεωςι,
1524 3411 1582 3476 καὶ
1604 3403 1646 3493 δή

281 3519 315 3574 30
331 3512 387 3575 καὶ
402 3512 539 3590 βασιλέα
555 3505 636 3579 τότε
651 3514 817 3596 γενέσθαι,
841 3504 1030 3596 ἀρξάμενον
1044 3505 1184 3579 τούτων
1201 3502 1370 3579 ἀπάντων
1392 3509 1429 3577 ἐκ
1451 3511 1515 3577 τοῦ
1536 3510 1647 3594 δηλω-

332 3611 459 3687 θέντος
474 3603 609 3693 χρόνου,
628 3609 745 3679 ἔπειτα
759 3614 867 3696 καιρῷ
883 3612 945 3695 τῆς
960 3614 1151 3689 συντελείας
1166 3605 1305 3677 τούτων
1319 3602 1489 3678 ἀπάντων
1502 3600 1647 3692 ἀθρόως

332 3702 579 3795 παυθήσεσθαι.
620 3713 690 3779 ποῦ
721 3707 761 3796 δή
792 3698 855 3778 οῦν
885 3712 993 3777 ταῦτα
1023 3702 1234 3794 μεμάθηκας;
1270 3714 1322 3787 τίς
1352 3709 1391 3774 δέ
1419 3727 1474 3777 σοι
1505 3703 1646 3776 τούτων
1664 3715 1700 3771 23

331 3813 479 3895 κατέστη
493 3802 702 3889 διδάσκαλος,
725 3815 778 3889 τίς
792 3802 999 3887 ἐπισκόπων,
1021 3823 1114 3876 ποῖαι
1130 3803 1278 3881 σύνοδοι,
1297 3822 1401 3877 ποῖον
1415 3806 1646 3892 ἐκκλησιαστι-

332 3912 406 3976 κῶν
428 3902 566 3993 ἀνδρῶν
588 3902 736 3994 γράμμα,·
770 3912 840 3976 ποῦ
866 3912 904 3975 δέ
928 3928 981 3976 σοι
1008 3902 1049 3975 τὸ
1072 3910 1169 3992 σῶμα
1191 3903 1232 3975 τὸ
1256 3901 1437 3976 ἀθάνατον
1458 3900 1647 3991 χωρήσειεν

280 4015 314 4069 35
333 4002 405 4092 (ἂν)
440 4010 504 4076 τοῦ
529 4010 698 4094 σωτῆρος·
733 4001 913 4076 ἀθάνατον
944 4002 1006 4091 γάρ
1036 3999 1218 4092 ὁμολογῶν
1247 4010 1303 4073 καί
1334 4013 1431 4074 θετον
1463 3996 1647 4090 ὀνομάζων

418 4175 437 4229 8
455 4174 516 4228 Joh.
535 4176 558 4237 1.
576 4174 592 4226 3
613 4204 643 4212 -
661 4174 679 4229 5
698 4173 711 4225 Ι
730 4173 793 4227 Kor.
813 4177 853 4240 15,
870 4175 911 4227 25.
929 4174 963 4227 24
989 4202 1022 4211 —
1049 4173 1067 4227 θ
1085 4173 1142 4243 vgl.
1160 4172 1207 4225 Nr.
1228 4172 1278 4227 108
1294 4202 1327 4212 -
1349 4172 1387 4227 18
1406 4171 1464 4241 νηί.
1482 4170 1530 4225 Nr.
1549 4172 1600 4228 108
1612 4199 1647 4210 -

332 4275 370 4329 22
390 4274 446 4344 vgl.
456 4274 501 4329 Nr.
511 4277 545 4329 62
559 4303 592 4313 -
610 4274 681 4330 26ss
696 4274 753 4344 vgl.
763 4274 873 4330 Numa
884 4275 941 4328 103.
950 4274 983 4328 37
994 4289 1058 4327 τιτι.
1069 4272 1150 4329 -28
1169 4273 1352 4337 Kol.1‚15-
1362 4273 1400 4330 85
1415 4273 1472 4344 νηί.
1482 4293 1505 4328 τ.
1515 4274 1547 4328 B.
1556 4272 1602 4327 Nr.
1612 4274 1648 4327 98

418 4424 515 4478 Ῑνυνί
532 4424 596 4478 and.
615 4426 653 4479 θλ.
671 4430 722 4479 νῦν
741 4426 765 4477 V
791 4425 797 4489 Ι
824 4424 858 4478 Ῑῦ
885 4420 990 4478 σαυτδν
1008 4423 1046 4475 V²
1067 4419 1153 4478 αῦτδν
1173 4423 1213 4477 V*
1242 4425 1245 4488 Ι
1272 4423 1312 4479 24
1340 4418 1398 4478 οὐδ’
1418 4419 1434 4477 δ
1453 4423 1491 4477 Κ1
1509 4419 1574 4478 οῦδὲ
1593 4423 1618 4475 Y
1642 4478 1644 4489 ,

332 4527 372 4582 26
390 4532 494 4580 τοῦτον
511 4525 553 4580 Ro
570 4531 655 4580 τοῦτο
674 4525 699 4577 V
714 4526 719 4593 ί
735 4524 797 4580 271
811 4518 870 4578 ἀνω
888 4522 966 4579 κάτω
984 4554 1017 4562 -
1035 4518 1208 4591 ὠνομάσθαι
1225 4525 1261 4579 Κ]
1279 4524 1346 4595 (vgl.
1359 4523 1409 4591 Re)
1428 4521 1509 4579 κάτω
1521 4552 1555 4564 -
1573 4519 1647 4579 δινο·

330 4624 442 4692 μάσθαι
461 4619 521 4681 ἀνω
541 4626 564 4678 V
590 4626 595 4693 ί
623 4625 662 4681 δῦ
681 4620 717 4679 ἂν
735 4625 788 4680 We
