3728 5508
650 493 747 547 contra
763 490 925 547 Marcellum
943 491 955 543 Ι
973 492 997 544 4.
1440 501 1480 562 27
1594 536 1596 541 .

239 654 448 745 δικαιοσύνης
482 651 746 743 ἐπιμελούμενον
778 653 863 727 θεὸν
897 651 1068 727 ἀντειπεῖν
1097 660 1243 744 λέγοντα
1283 662 1330 726 »εἰ
1359 654 1482 745 ἐχθρὸς

239 755 410 829 ω’νείδισέν
438 759 490 844 με’,
520 749 693 843 ὑπήνεγκα
720 754 777 838 ἀν,
809 761 865 825 καὶ
888 758 916 824 εί
937 750 956 826 ὁ
978 762 1088 844 μισῶν
1113 782 1152 845 με
1174 750 1226 826 ἐπ’
1249 760 1305 844 ἐμὲ
1327 758 1482 846 ἐμεγαλο·

239 854 433 946 ρημόνησεν,
448 850 593 943 ἐκρύβην
608 850 651 926 ἂν
665 849 723 927 ἀπ’
739 850 853 927 αὐτοῦ.
884 854 985 938 οὐδέ,
1001 853 1167 943 ἄνθρωπε
1182 851 1330 943 ίσόψυχε,
1346 852 1482 945 ήγεμῶν

237 984 302 1045 μου
322 960 378 1027 καὶ
400 950 538 1043 γνωστά
559 981 636 1043 μου·
659 945 697 1036 ὃς
718 956 773 1024 ἐπὶ
795 952 836 1025 τό
860 950 945 1027 α’ῦτὸ
960 951 1145 1042 ἐγλύκανάς
1160 982 1218 1043 μοι
1231 957 1404 1045 ἐδέσματα,
1426 961 1483 1030 38’

237 1060 274 1126 ἐν
295 1061 347 1145 τῷ
370 1058 454 1144 οἲκω
477 1059 540 1126 τοῦ
561 1058 646 1125 θεοῦ
660 1051 893 1143 ἐπορεύθημεν
915 1059 953 1126 ἐν
972 1049 1144 1145 δμονοίᾳι.
1180 1048 1312 1141 ὅτιγὰρ
1328 1054 1483 1126 σύνεστιν
1499 1072 1534 1125 44

238 1150 315 1244 ήμῑν
339 1171 410 1237 τοῖς
432 1149 539 1224 αύτοῦ
560 1162 767 1241 λειτουργοῖς
788 1156 884 1241 ἐσμεν
907 1149 975 1225 ἀπὸ
999 1159 1060 1242 τῆς
1082 1149 1188 1225 αὐτοῦ
1209 1151 1347 1242 ῥήσεως,
1372 1154 1480 1226 »ίδοῦι

237 1254 299 1344 γὰρ
324 1259 459 1343 »ἔσομαι
479 1251 555 1342 μεθ’
577 1247 691 1342 ύμῶνι
717 1255 781 1343 ἐφη
805 1249 933 1336 »πόσας
954 1251 1015 1334 τὰς
1037 1250 1177 1344 ῆμέραςι
1201 1260 1262 1344 τῆς
1279 1259 1367 1343 ζωῆς
1388 1252 1485 1343 ύμῶν

241 1355 323 1436 »ἕως
356 1359 417 1442 τῆς
438 1360 630 1434 συντελείας
651 1359 714 1424 τοῦ
736 1355 889 1435 αίῶνοςι.
932 1354 1006 1423 εἶτα
1028 1348 1232 1435 ἀκολούθως
1254 1350 1396 1436 πάντως
1418 1381 1486 1426 που

238 1460 293 1524 καὶ
329 1451 372 1525 τὰ
408 1448 556 1541 ἑπόμενα
589 1470 662 1535 τοῖς
695 1449 904 1543 προάγουσιν
940 1448 1107 1543 ἐπήγαγεν
1138 1449 1180 1524 ἀν
1202 1450 1298 1542 ῥητά,
1333 1457 1485 1525 »ἐλθέτω

136 1565 165 1619 10
238 1550 394 1635 θάνατος
416 1547 468 1623 ἐπ’
491 1547 627 1634 αῦτούς,
654 1558 710 1622 καί
735 1549 984 1639 καταβήτωσαν
1005 1558 1053 1634 είς
1074 1544 1159 1645 ᾅδου
1182 1562 1320 1640 ζῶντες·
1348 1546 1403 1624 ότι
1423 1582 1485 1625 πο-

238 1660 340 1741 νηρία
360 1654 398 1723 ἐν
419 1670 493 1735 ταῖς
514 1659 666 1738 καρδίαις
687 1649 835 1723 αύτῶνι.
871 1650 952 1734 τοῦς
973 1649 1036 1740 γὰρ
1056 1656 1094 1723 ἐν
1115 1648 1233 1744 ἀγνοίᾳ
1255 1658 1317 1742 τῆς
1339 1648 1486 1741 ἀσεβείας

239 1743 345 1834 ὄντας
362 1750 501 1838 νεκρούς
522 1747 590 1823 ῦπδ
613 1757 676 1824 τοῦ
697 1745 782 1843 ᾅδου
804 1757 1052 1822 καταπίνεσθαί
1072 1776 1175 1841 φησιν
1191 1749 1211 1841 ῆ
1227 1751 1351 1843 γραφή·
1373 1760 1486 1842 νεκροὶ

239 1848 313 1940 γάρ,
335 1857 391 1923 καί
414 1856 476 1941 ζῆν
497 1856 687 1936 δοκοῦντες,
710 1849 895 1939 ἐτύγχανον
916 1843 1056 1940 <όν>τες

179 1955 231 2019 καὶ
261 1947 370 2022 πόλιν
396 1951 472 2039 ἑξῆς
498 1948 637 2033 τούτοις
666 1956 816 2021 αίτιῦται
846 1949 910 2022 τόν
940 1946 1116 2037 Εῦσέβιον,
1149 1947 1197 2033 ῶς
1227 1955 1264 2023 ἐν
1290 1959 1341 2043 τῷ
1368 1957 1488 2024 διιέναι
1503 1965 1539 2019 43

135 2065 164 2118 15
180 2048 242 2139 τήν
272 2045 436 2139 Ἀγκύραν
467 2046 547 2122 τότε
579 2048 777 2141 ῶμιληκότα
806 2053 862 2121 ἐπὶ
892 2056 954 2139 τῆς
983 2054 1172 2140 ἐκκλησίας,
1203 2044 1289 2141 ῦπερ
1320 2059 1424 2141 φησὶν
1453 2056 1489 2137 ἐξ

180 2146 281 2239 ἀκοῆς
302 2155 540 2240 μεμαθηκέναι.
583 2144 636 2237 ἐφ’
659 2149 710 2232 οἷς
731 2144 937 2238 ἀγανακτῶν
959 2156 1102 2222 τοιαῦτα
1123 2149 1244 2239 γράφει

239 2254 311 2335 (Nr.
334 2255 386 2339 73)
417 2244 491 2321 ἀλλ’
523 2244 542 2321 ό
572 2256 633 2338 μὲν
655 2244 851 2332 ἀπόστολος
872 2255 1015 2320 τοιαῦτα
1040 2258 1118 2339 περὶ
1140 2258 1202 2340 τῆς
1225 2257 1395 2323 Γαλατῶν
1416 2258 1489 2322 πίσ-

240 2378 330 2431 τεως
351 2345 486 2439 γράφει·
520 2345 680 2435 Ιδύσέβιος
709 2353 745 2419 δὲ
774 2354 979 2437 μεταφέρων
1001 2346 1066 2438 τήν
1087 2345 1321 2439 ἀπσστολικῆν
1343 2353 1488 2435 ἔννοιαν,

239 2445 282 2521 δι’
305 2445 350 2537 ῆν
372 2445 471 2520 τοῦθ’
494 2443 513 2520 ὁ
536 2444 730 2532 ἀπόστολος
751 2454 814 2536 τῆς
837 2454 1079 2537 προειρημένης
1101 2455 1210 2533 αἰτίας
1232 2451 1342 2530 ἐνεκα,
1368 2456 1490 2522 »τέκνα

239 2576 324 2637 μουι
350 2549 443 2619 εἶπεν
460 2543 537 2630 »οῦς
551 2545 658 2620 πόλιν
674 2545 788 2619 τδδίνω
805 2546 898 2637 ἄχρις
913 2538 954 2619 οῦ
969 2556 1143 2639 μορφωθῇ
1159 2547 1306 2638 Χριστὸς
1320 2552 1359 2620 ἐν
1380 2545 1489 2635 ύμῑνι,

241 2644 429 2737 καθήψατο
446 2654 615 2719 Γαλατῶν
635 2643 689 2731 ῶς
709 2646 759 2738 μή
782 2642 910 2737 δρθῆν
932 2644 1110 2735 ἐχόντων
1130 2655 1221 2736 περὶ
1242 2653 1340 2720 θεοῦ
1361 2645 1489 2734 δόξαν.

241 2744 367 2820 ὤδινεν
389 2746 450 2836 γὰρ
477 2743 618 2836 ἀληθῶς
644 2744 793 2836 δριμεῑάν
823 2776 901 2818 τινα
930 2755 986 2818 καὶ
1007 2746 1133 2836 πικρὰν
1166 2744 1287 2832 ῶδίνα,
1319 2741 1373 2818 ὅτι
1395 2743 1491 2837 ῆπίσ·
1507 2764 1542 2820 46

241 2873 331 2919 τατα
362 2844 519 2929 Γαλάτας
548 2853 632 2937 περί
656 2857 848 2934 θεοσεβείας
876 2845 922 2937 μή
950 2843 1064 2935 ῶσπερ
1094 2851 1223 2931 ἐκεῖνος
1243 2845 1461 2935 δοξάζοντας,
1485 2853 1489 2937 Ι
1511 2866 1550 2924 37

197 2951 200 2957 ’
239 2952 326 3037 μηδὲ
356 2944 425 3018 δύο
447 2942 583 3030 ούσίας
611 2976 652 3019 τε
674 2955 739 3018 καὶ
761 2944 973 3037 πράγματα
993 2953 1058 3017 καὶ
1080 2945 1268 3038 δυνάμεις
1287 2954 1351 3018 καί
1372 2948 1493 3031 θεούς

134 3061 165 3115 25
242 3055 415 3136 λέγοντας.

180 3144 274 3236 τήρει
312 3152 348 3217 δὲ
383 3152 491 3216 ταῦτα
525 3138 623 3228 όπιος
656 3151 917 3235 διαλοιδορείται
952 3152 1083 3233 πικρῶς
1117 3152 1169 3234 τῷ
1205 3151 1309 3234 μηδὲν
1345 3143 1493 3236 εἰρηκότι

179 3256 315 3327 πλεῖον,
338 3241 386 3328 ῶς
407 3241 511 3328 αῦτός
531 3242 665 3334 γράφει,
696 3241 718 3333 ἢ
748 3243 790 3316 τὸ
813 3241 1046 3317 ἀποστολικόν
1074 3241 1190 3334 ῥητόν.
1239 3253 1296 3316 καί
1329 3251 1392 3316 νῦν
1424 3244 1492 3318 δύο

180 3353 248 3435 μὲν
280 3345 401 3428 θεοὺς
431 3351 561 3432 λέγειν
591 3344 656 3417 τὸν
686 3342 849 3429 ἐδάσέβιον
879 3339 1049 3433 ὁμολογεῖ,
1082 3340 1130 3426 ῶς
1161 3340 1204 3414 ἀν
1234 3343 1298 3415 τὸν
1325 3342 1402 3416 υἱόν
1432 3351 1494 3416 τοῦ

180 3452 267 3519 θεοῦ
297 3450 532 3533 θεολογοῦντα
562 3444 623 3515 σὺν
654 3450 705 3534 τῷ
726 3451 844 3532 πατρί·
877 3444 1014 3532 προϊῶν
1040 3438 1072 3514 δ’
1096 3445 1229 3525 ἐντοῖς
1256 3445 1344 3533 ἑξῆς,
1378 3441 1493 3533 ῶσπερ

133 3557 166 3612 30
181 3550 441 3634 ἐπιλελησμένος
468 3535 520 3614 ῶν
545 3548 696 3615 ἐνταῦθα
726 3538 973 3632 κατηγόρηκεν,
1006 3540 1070 3613 τὸν
1101 3538 1207 3613 αύτδν
1236 3549 1394 3631 πειρᾶται
1425 3550 1494 3616 δια·

181 3643 320 3731 βάλλειν
355 3641 408 3726 ῶς
447 3642 566 3730 ψιλὸν
607 3641 828 3731 ἄνθρωπον
868 3641 941 3713 τὸν
980 3641 1158 3732 Χριστόν
1197 3643 1300 3713 εἶναι
1341 3648 1494 3732 λέγοντα.

182 3746 257 3834 ἑξῆς
279 3749 315 3815 δέ
337 3760 410 3825 τοῖς
431 3749 665 3831 προκειμένοις
686 3739 906 3814 ἐπισυνάπτει
927 3741 1063 3832 πολλήν
1084 3769 1160 3812 τινα
1174 3747 1230 3812 καί
1244 3742 1376 3831 μακρὰν
1391 3750 1495 3829 φλυα-
1511 3766 1544 3820 47

181 3853 272 3932 ρίαν,
302 3840 346 3915 τύ
369 3871 406 3914 τε
428 3836 514 3913 ὄντα
536 3838 580 3913 τά
602 3869 640 3912 τε
659 3840 704 3931 μή
727 3834 813 3913 ὄντα
843 3841 954 3930 ἐαυτῷ
985 3848 1160 3928 συνείρων,
1191 3847 1375 3932 μονονουχὶ
1406 3841 1495 3913 κατὰ

182 3946 263 4027 τοῦς
294 3941 470 4034 φήσαντας
499 3939 560 4013 »τὰ
584 3949 677 4031 χείλη
703 3938 801 4030 ἡμῶν
820 3937 899 4030 παρ’
923 3936 1020 4029 ήμῶν
1045 3944 1151 4011 ἐστιν·
1173 3947 1225 4023 τίς
1256 3935 1353 4028 ήμῶν
1381 3937 1495 4029 κύριός

269 4112 349 4169 1Ρε.
367 4115 409 4175 34,
426 4113 526 4169 13-15
544 4142 578 4151 -
602 4112 616 4166 7
637 4111 736 4166 Matth.
755 4112 796 4173 28,
814 4112 849 4167 20
866 4141 899 4149 -
922 4110 960 4165 13
979 4109 1186 4174 (31.4,19-
1205 4108 1399 4178 mmm.
1418 4110 1495 4164 ιιι.

184 4216 210 4270 3.
228 4216 269 4283 29,
288 4216 329 4271 30.
359 4216 399 4281 30,
418 4213 471 4270 203
485 4244 518 4252 -
537 4213 598 4269 alt
614 4213 668 4282 vgl.
688 4213 712 4267 S.
731 4213 772 4279 29,
790 4212 844 4267 323
867 4214 908 4278 30,
926 4211 980 4267 333
1002 4241 1035 4249 -
1062 4211 1159 4266 ms.
1179 4213 1254 4281 11‚5

271 4366 287 4421 1
311 4362 347 4434 είΙ
367 4372 399 4429 -Ι-
417 4362 434 4419 δ
452 4364 497 4418 ab.
516 4362 542 4416 d.
561 4364 589 4419 Z.
606 4363 645 4415 V²
668 4363 673 4430 Ι
698 4358 878 4433 3ἐπῆγαγεν
897 4381 911 4416 r
928 4358 1116 4432 ἐπήγαγονθ
1140 4362 1144 4429 Ι
1170 4362 1208 4417 11
1228 4354 1404 4432 εἰσεβείαςτ
1427 4364 1432 4430 Ι
1456 4364 1495 4419 13

186 4463 405 4537 ἐντυγχάνοντες
422 4465 459 4533 V,
486 4481 555 4521 corr.
573 4464 621 4519 Mo
645 4466 649 4533 Ι
674 4466 714 4519 20
732 4461 823 4520 εἰπὼν
842 4463 875 4531 V,
894 4481 960 4520 corr.
979 4463 1016 4517 Kl
1040 4465 1044 4531 Ι
1069 4462 1185 4519 22-23
1212 4455 1495 4534 ὤδινεν-λέγοντας]

186 4568 228 4621 alu
245 4566 386 4623 Eusebius'
404 4566 502 4622 Worto
527 4584 556 4619 m
578 4584 597 4636 g
619 4567 624 4635 Ι
648 4566 735 4631 3οΙ31
764 4565 925 4637 διαβάλλειν
950 4584 978 4619 m
1004 4567 1149 4638 διαβαλεῖν
1175 4564 1200 4617 V
1227 4572 1232 4625 Ι
1260 4565 1300 4621 33
1329 4559 1431 4637 ἐαυτῷ]
1457 4562 1497 4631 εἷς

186 4667 276 4725 αύτδῗ
294 4668 341 4723 Mo
368 4668 372 4734 Ι
400 4668 439 4724 34
457 4668 551 4737 ῆμῦνν2
568 4667 609 4720 V*
627 4666 694 4735 ἡμῖν
713 4666 754 4719 V⁰
