3728 5508
635 477 732 530 contra
747 475 912 531 Marcellum
929 475 941 529 1
958 478 983 530 4.
1431 485 1471 546 25

220 645 293 726 περὶ
317 635 445 709 τούτου
466 645 586 727 λέγειν.
628 634 705 710 ούδὲ
731 637 795 727 γάρ
824 646 944 725 σαφῶς
966 634 1073 711 αύτὸν
1094 647 1150 711 καί
1172 634 1471 727 ἀπαρακαλύπτως

220 734 360 828 ἡγοῦμαι
375 737 534 827 καὶπρὸς
549 739 686 826 ἑτέρους
707 732 914 828 ὁμολογῆσαι
936 737 988 823 ἀν,
1012 731 1096 827 ὅπερ
1112 735 1217 821 αύτός
1238 743 1275 810 ἐν
1290 746 1332 827 τῇ
1349 740 1471 810 ἑαυτοῦ

218 836 359 925 κρύπτει
383 842 527 928 διανοίᾳ,
559 834 608 920 ῶς
637 839 728 909 ἔστιν
758 844 877 924 σαφῶς
900 831 959 924 ἀφ’
992 828 1044 908 ῶν
1074 844 1242 927 γέγραφεν
1271 835 1470 925 μανθάνειν.

219 936 343 1021 ἄλλος
364 943 434 1026 μὲν
455 934 541 1025 γάρ,
566 945 679 1028 φησίν,
702 942 812 1009 ἐστίν
835 932 854 1008 ό
874 935 1006 1025 πατὴρ
1029 930 1048 1009 ό
1070 934 1264 1027 γεννήσας
1285 941 1325 1024 ἐξ
1347 934 1470 1011 αύτοῦ

217 1034 290 1109 τόν
320 1042 520 1127 μονογενῆ
551 1033 677 1125 λόγον
705 1042 770 1108 καί
800 1033 1075 1125 πρωτότοκον
1106 1031 1261 1127 ἀπάσης
1286 1046 1469 1121 κτίσεως,

216 1132 341 1225 μόνος
371 1132 512 1227 μόνον,
536 1144 691 1219 τέλειος
711 1145 885 1225 τέλειον,
910 1135 1096 1223 βασιλεὺς
1126 1142 1301 1222 βασιλέα,
1332 1135 1470 1228 κύριος

216 1234 374 1325 κύριον,
406 1235 502 1321 θεὸς
527 1234 640 1322 θεόν,
672 1233 809 1319 ούσίας
831 1265 872 1307 τε
894 1244 959 1308 καὶ
988 1242 1135 1327 βουλῆς
1163 1243 1228 1308 καί
1258 1236 1376 1328 δόξης
1404 1245 1469 1309 καί

217 1333 420 1425 δυνάμεως
443 1330 928 1425 ἀπαράλλακτονείκόνα.
958 1342 1068 1408 ταῦτα
1090 1336 1133 1407 τά
1155 1334 1242 1426 ῥητά
1264 1346 1383 1424 σαφῶς
1403 1336 1470 1426 τὴν

217 1432 353 1524 φαύλην
382 1431 489 1507 αύτοῦ
517 1442 593 1525 περί
623 1432 793 1525 θεότητος
822 1440 948 1523 ἐλέγχει
976 1434 1088 1522 δόξαν.
1130 1443 1206 1519 πῶς
1227 1435 1290 1526 γάρ
1312 1431 1330 1508 ό
1353 1436 1468 1527 κύριος
1485 1449 1520 1503 34

217 1542 394 1624 γεννηθείς
415 1542 471 1606 καί
496 1532 537 1622 [ὁ]
565 1533 661 1621 θεός,
694 1532 742 1619 ῶς
763 1531 867 1618 αύτός
889 1537 1074 1624 προλαβών
1103 1539 1177 1623 ἔφη,
1201 1535 1342 1608 δύναται
1364 1539 1469 1609 είκῶν

216 1639 299 1705 θεοῦ
321 1635 424 1719 είναι;
446 1635 564 1723 ἕτερον
586 1635 649 1724 γάρ
671 1636 774 1706 είκῶν
789 1641 882 1719 θεοῦ,
905 1642 961 1706 καὶ
985 1636 1101 1724 ἕτερον
1122 1631 1211 1717 θεός.
1247 1632 1336 1707 ῶστε
1358 1642 1387 1708 εί
1408 1644 1469 1726 μὲν

215 1733 333 1817 είκῶν,
366 1729 408 1805 ού
428 1732 544 1822 κύριος
566 1732 644 1807 οῦδὲ
666 1732 763 1818 θεός,
795 1728 869 1805 ἀλλ’
893 1736 996 1805 είκῶν
1023 1742 1142 1822 κυρίου
1167 1742 1222 1806 καί
1249 1741 1346 1807 θεοῦ·
1383 1739 1411 1808 εί
1433 1743 1469 1807 δὲ

216 1831 332 1922 κύριος
355 1825 469 1917 όντως
491 1841 546 1904 καὶ
568 1831 660 1918 θεός,
684 1831 799 1906 ούκέτι
815 1830 833 1905 ό
849 1832 964 1924 κύριος
982 1843 1038 1906 καί
1061 1829 1102 1920 [ό]
1126 1833 1208 1918 θεὸς
1229 1836 1332 1906 είκῶν
1352 1844 1470 1925 κυρίου

214 1940 269 2004 καὶ
291 1939 379 2004 θεοῦ
401 1935 488 2004 είναι
510 1932 659 2006 δύναται.

116 2045 142 2096 15
157 2038 208 2101 καὶ
244 2038 355 2104 ταῦτα
391 2030 523 2122 σφόδρα
563 2030 746 2120 ἀβλεπτῶν
785 2037 930 2122 είρηκεν,
971 2030 1033 2106 οῦκ
1074 2031 1236 2123 ἐννοήσας
1273 2031 1322 2118 ῶς
1357 2042 1411 2107 καί
1447 2032 1518 2107 ό35

157 2130 223 2213 οίός
257 2139 262 2216 Ι
294 2131 438 2205 δύναται
474 2131 620 2223 ἔμψυχός
655 2161 742 2206 ποτε
779 2133 882 2204 είκῶν
918 2138 982 2205 τοῦ
1011 2140 1099 2205 ίδίου
1129 2135 1260 2223 πατρὸς
1294 2141 1466 2224 λεχθῆναι,
1485 2146 1525 2205 2³

157 2230 287 2303 ἐπειδάν
323 2225 344 2320 ᾖ
380 2239 431 2323 τῷ
468 2240 573 2321 πατρὶ
605 2226 829 2322 ὁμοιότατος,
869 2239 974 2304 τοῦτο
1005 2239 1088 2321 γοῦν
1123 2242 1178 2306 καί
1215 2229 1236 2323 ἡ
1272 2234 1384 2324 γραφὴ
1421 2241 1467 2307 δι-

157 2328 267 2403 δάσκει
307 2328 328 2421 ἦ
363 2338 506 2420 λέγουσα
545 2333 598 2419 »ἔς
581 2343 679 2421 ςησεν
714 2336 751 2402 δέ
772 2328 872 2420 Ἀδὰμ
909 2329 1094 2419 τριάκοντα
1124 2342 1180 2404 καί
1210 2332 1365 2407 διακόσια
1380 2338 1465 2457 ἐτη,

156 2437 206 2501 καί
227 2433 408 2549 ἐγέννησεν
435 2431 523 2503 κατά
552 2431 617 2521 τὴν
645 2436 739 2503 ίδέαν
768 2428 875 2503 αῦτοῦ
903 2438 958 2502 καὶ
989 2431 1076 2504 κατὰ
1107 2431 1171 2523 τὴν
1202 2430 1316 2505 εἰκόνα
1347 2430 1465 2506 αύτοῦ·

113 2539 141 2595 20
156 2539 207 2601 καὶ
228 2526 452 2620 ἐπωνόμασεν
474 2529 515 2601 τό
538 2524 646 2621 ὄνομα
668 2527 774 2602 αύτου
758 2536 851 2605 38¹
865 2537 974 2621 Σῆθι.
1017 2540 1073 2603 καὶ
1097 2541 1174 2621 περὶ
1205 2539 1266 2622 τῆς
1297 2530 1465 2624 θεότητος
1482 2552 1515 2606 36

156 2636 189 2701 δὲ
210 2638 272 2703 τοῦ
295 2625 411 2702 υίοῦ
393 2660 412 2702 o
435 2626 630 2714 ἀπόστολος
651 2628 797 2702 διδάσκει
819 2636 932 2719 λέγων
965 2623 1021 2714 »ῦς
1048 2634 1085 2700 ἐν
1111 2640 1227 2721 μορφῇ
1253 2630 1380 2704 θεοῦ
1358 2630 1464 2720 υπάρ-

155 2758 223 2818 χιον
245 2727 308 2820 ούχ
330 2725 509 2820 άρπαγμόν
531 2725 680 2820 ἡγήσατο
702 2732 780 2802 τόε
765 2732 851 2802 εἶναι
864 2734 919 2801 ίσα
934 2735 1017 2831 θεῷ,
1040 2725 1142 2802 ἀλλ’
1130 2730 1253 2804 εαυτόν
1268 2735 1464 2817 ἐκένωσενι

155 2836 206 2900 καὶ
226 2828 335 2902 πάλιν
360 2823 415 2913 »ῦς
438 2823 490 2903 ῶν
513 2826 713 2919 ἀπαύγασμα
734 2835 796 2920 τῆς
818 2826 918 2920 δόξης
939 2838 995 2911 καί
1022 2858 1193 2954 χαρακτηρ
1224 2837 1286 2920 τῆς
1314 2828 1465 2905 ύποστά·

156 2954 266 3013 σεωςι.
320 2935 375 3000 καί
411 2934 449 3002 ἐν
481 2932 609 3019 ίτέροις
641 2937 676 3003 δὲ
708 2934 838 3019 είρηται
872 2927 1090 3021 »ἀπαύγασμα
1129 2930 1192 3021 γάρ
1223 2935 1317 3003 ἐστιν
1348 2931 1465 3020 φωτός

112 3043 141 3098 25
156 3026 270 3115 ἀιδίου,
294 3032 389 3101 καί”
374 3054 544 3119 εσοπτρσν
567 3026 784 3120 ἀκηλίδωτον
806 3059 867 3119 της
890 3036 953 3101 τοῦ
975 3037 1059 3102 θεοῦ
1080 3034 1256 3119 ἐνεργείας,
1284 3039 1339 3103 καὶ
1362 3033 1466 3103 είκῶν

156 3136 213 3220 τῆς
230 3127 453 3221 ἀγαθότητος
472 3126 607 3203 αύτοῦι.
651 3121 750 3213 αὖθις
772 3135 808 3201 δέ
831 3125 849 3201 ό
873 3126 1066 3214 ἀπόστολος
1095 3127 1380 3220 »ἀπεκδυσάμενοι
1401 3130 1466 3203 τόν
1483 3149 1515 3204 37

155 3229 303 3303 παλαιόν
325 3229 533 3320 ἄνθρωπον,
564 3236 620 3301 καί
650 3226 869 3317 ἐνδυσάμενοι
901 3228 964 3301 τόν
987 3238 1067 3301 νέον
1087 3228 1151 3301 τόν
1173 3225 1465 3320 ἀνακαινούμενον

156 3333 199 3413 είς
219 3335 408 3422 ἐπίγνωσιν
429 3325 504 3401 κατ’
520 3326 635 3402 είκόνα
657 3337 720 3403 τοῦ
741 3337 940 3412 κτίσαντοςι
964 3334 1083 3417 λέγων,
1106 3326 1208 3418 δῆλός
1229 3334 1323 3403 ἐστιν
1344 3326 1385 3400 ού
1401 3330 1466 3419 τὴν

156 3427 261 3519 σάρκα
293 3435 448 3550 εἰρῆσθαι
479 3426 649 3502 διδάσκων
681 3428 746 3518 τὴν
777 3424 893 3499 είκόνα
924 3429 1009 3499 εἶναι
1039 3434 1103 3498 τοῦ
1129 3434 1220 3499 θεοῦ.
1262 3429 1408 3519 μεταβὰς
1429 3435 1518 3506 δὲσυ

112 3541 141 3596 30
157 3523 254 3613 αὖθις
277 3526 479 3616 Μάρκελλος
501 3533 542 3599 ἐπ
543 3536 556 3600 ί
516 3557 659 3612 τους
680 3525 885 3610 ἐπισκόπους
909 3519 975 3600 ῶδε
996 3524 1117 3616 γράφει

215 3634 287 3719 (Nr.
302 3635 355 3718 87)
390 3627 520 3699 ίδοῦ
484 3657 547 3717 γαρ
569 3627 610 3700 τό
630 3627 720 3749 κατὰ
742 3624 960 3716 Ἀστέριον
941 3633 1025 3718 ημᾶς
1053 3623 1094 3700 ού
1116 3632 1286 3700 τοσοῦτον
1308 3638 1415 3711 λυπεῖ,
1438 3633 1467 3699 εί

215 3735 361 3803 τοιαῦτα
390 3722 549 3846 προηχθη
577 3724 732 3816 γράφειν,
765 3724 839 3800 ἀλλ’
872 3723 927 3798 ότι
954 3734 1009 3798 καὶ
1036 3756 1126 3809 τινες
1156 3734 1230 3798 τῶν
1258 3723 1467 3816 προεστάναι

216 3826 419 3901 δοκούντων
442 3854 503 3915 της
525 3831 712 3915 ἐκκλησίας,
735 3833 797 3916 τῆς
817 3833 879 3917 μὲν
896 3822 1125 3917 ἀποστολικης
1140 3823 1383 3915 ἐπιλαθόμενοι
1404 3855 1467 3897 πα

241 4049 334 4105 4-14
356 4047 412 4118 vgl.
422 4047 540 4103 Aeacius
557 4047 603 4102 bei
612 4047 782 4118 Epiphanius
794 4046 868 4103 haer.
881 4049 920 4115 72,
929 4050 946 4103 6
956 4047 1008 4117 (ed.
1021 4048 1148 4116 Dindorf)
1158 4047 1291 4105 -51101,
1302 4050 1368 4111 1‚15
1380 4075 1414 4086 -
1427 4045 1466 4102 18

157 4148 222 4205 Gom
235 4153 260 4213 5,
271 4150 376 4205 3-21
396 4148 466 4202 Phil.
477 4148 619 4217 2,6-28
637 4146 823 4217 Hebr,1,3-
840 4149 880 4205 24
898 4148 1002 4206 Weish.
1013 4150 1068 4205 Sal.
1088 4150 1154 4216 7,26
1172 4179 1205 4188 -
1224 4150 1262 4204 26
1279 4145 1343 4202 Kol.
1359 4149 1383 4215 3,
1398 4149 1468 4204 9.10

242 4350 258 4405 1
287 4343 370 4406 ον’δέν
388 4350 420 4415 V,
439 4366 506 4404 corr.
518 4350 568 4405 We
592 4352 596 4418 Ι
621 4351 639 4406 ί
658 4346 761 4407 ἑαυτοῦ
777 4354 859 4405 Aeac.
878 4347 966 4405 αὐτοῦ
985 4350 1008 4403 V
1033 4351 1038 4418 Ι
1061 4347 1195 4419 ῦλδγον]
1211 4345 1273 4405 υίδν
1285 4348 1324 4404 Re
1348 4350 1352 4417 Ι
1376 4347 1468 4419 πάσης

158 4454 239 4507 Aeac„
262 4453 268 4520 Ι
289 4450 308 4507 8
329 4448 439 4522 είκδνα]
457 4458 490 4517 ÷
509 4445 596 4517 ἀλλος
614 4492 723 4506 .....
742 4449 869 4522 ἀοράτου
886 4451 926 4506 Re
944 4451 999 4519 νηί.
1018 4452 1044 4505 S.
1059 4453 1101 4513 24,
1119 4450 1172 4506 12ί
1191 4452 1196 4520 Ι
1223 4447 1338 4522 ῥήματα
1360 4455 1441 4506 Aeac.
1463 4454 1466 4515 !

159 4549 283 4609 θαδτσῦ
300 4550 410 4622 φαύλην
428 4554 509 4608 Λύκα
539 4554 543 4620 Ι
570 4554 608 4609 10
635 4551 652 4608 δ
672 4562 704 4612 <
721 4555 800 4608 Aeac.
825 4558 829 4622 Ι
853 4551 978 4621 δίκαιαι]
1002 4559 1034 4616 -ί-
1063 4546 1104 4608 ἐτι
1126 4557 1207 4608 Aeac.
1231 4554 1236 4620 1
1261 4553 1300 4609 18
1327 4551 1419 4622 θεόςί]
1435 4559 1467 4616 -ί-

161 4647 248 4720 ὄντος
265 4656 350 4709 Aeac.
373 4655 378 4723 Ι
402 4650 418 4708 δ
437 4665 469 4712 <
487 4658 569 4709 Aeac.
