3728 5508
350 505 391 567 26
937 494 1071 551 Eusebius

414 657 600 748 ραδόσεως,
623 659 666 730 τά
685 665 721 730 δὲ
747 660 880 744 ἔξωθεν
902 665 975 730 τῶν
995 667 1103 732 θείων
1124 660 1393 751 προτιμήσαντες
1416 655 1560 732 τοιαῦτά
1582 686 1662 729 τινα

415 757 543 848 γράψαι
564 787 601 830 τε
623 768 680 829 καὶ
694 755 824 845 διδάξαι
837 755 1036 849 ἐτόλμησαν,
1059 757 1081 829 ά
1103 757 1203 833 οῦδὲν
1228 764 1376 834 ἔλαττον
1398 766 1459 851 τῆς
1481 767 1555 831 τῶν
1577 786 1662 845 πρα-

415 865 600 949 ειρημένων
622 862 731 947 ἔχεται
752 855 892 947 πλάνης.

352 965 407 1030 καὶ
429 954 505 1047 μεθ’
528 958 626 1048 ἕτερα
647 960 792 1047 ἐπιλέγει
1681 975 1718 1029 39

319 1073 335 1126 5
415 1061 484 1143 (Nr.
507 1064 558 1145 71)
589 1058 740 1146 ἐντυχῶν
776 1057 839 1146 γάρ
871 1065 1064 1146 Ναρκίσσου
1098 1066 1162 1133 τοῦ
1192 1057 1412 1149 Νερωνιάδος
1441 1066 1665 1148 προεστῶτος

415 1162 593 1246 ἐπιστολῇ,
624 1155 667 1248 ἣν
690 1162 858 1246 γέγραφεν
887 1159 975 1244 πρὸς
1006 1158 1167 1249 Χρηστόν
1196 1189 1274 1231 τινα
1303 1167 1360 1231 καὶ
1382 1154 1578 1247 Εὗφρόνιον
1608 1164 1666 1228 καὶ

416 1254 591 1345 Εὖσέβισν,
623 1255 676 1340 ῶς
704 1252 831 1329 Ὁσίου
860 1265 933 1329 τοῦ
961 1257 1184 1332 ἐπισκόπου
1213 1255 1493 1348 ἐρωτήσαντος
1524 1252 1665 1341 αὐτόν,

417 1360 462 1442 εί,
496 1355 628 1444 ῶσπερ
651 1355 840 1441 Εὐσέβιος
868 1354 888 1430 ό
911 1366 981 1450 τῆς
1002 1367 1274 1448 Παλαιστίνης
1303 1356 1373 1428 δύο
1404 1353 1541 1440 οόσίας
1563 1358 1667 1427 είναί

418 1482 553 1547 φησιν,
585 1450 715 1539 οότως
743 1465 809 1527 καὶ
835 1454 956 1543 αῦτὸς
979 1466 1105 1549 λέγοι,
1137 1462 1247 1547 ἔγνων
1268 1453 1376 1529 αὐτόν
1398 1453 1466 1529 άπὸ
1490 1462 1566 1526 τῶν
1587 1482 1666 1544 γρα-

304 1570 338 1624 10
418 1563 558 1643 φέντων
580 1574 687 1643 τρεῖς
710 1558 814 1627 εἶναι
834 1559 1040 1631 πιστεύειν
1061 1554 1196 1640 οόσίας
1218 1553 1499 1645 άποκρινόμενον.

355 1652 452 1726 ταῦτ>
474 1657 583 1727 εἰπάν
604 1652 674 1727 άπὸ
696 1662 760 1729 τοῦ
782 1664 977 1746 Ναρκίσσου
996 1662 1051 1730 ἐπὶ
1073 1656 1137 1729 τὸν
1159 1653 1321 1742 Εὖσέβισν
1341 1661 1543 1745 μεταβαίνει,
1566 1681 1669 1742 κατη-

356 1763 471 1844 γορῶν
493 1748 548 1826 ότι
570 1755 634 1828 τὸν
656 1754 762 1846 λόγον
783 1763 847 1828 τοῦ
869 1764 953 1829 θεοῦ
975 1756 1062 1828 θεὸν
1083 1758 1168 1829 εἶναι
1194 1750 1361 1845 ὁμολογεῖ.
1406 1751 1528 1843 γράφει
1554 1759 1589 1825 δὲ
1611 1758 1669 1824 καί
1686 1768 1725 1823 40

355 1863 432 1943 περὶ
454 1851 562 1927 αὐτοῦ
583 1864 693 1927 ταῦτα

420 1958 490 2041 (Νι.
514 1960 568 2042 72)
600 1960 723 2027 διελεῖν
753 1955 817 2044 γὰρ
839 1952 904 2026 τόν
930 1951 1036 2043 λόγον
1062 1960 1125 2027 τοῦ
1147 1961 1231 2025 θεοῦ
1258 1951 1429 2042 τολμήσας
1449 1958 1505 2023 καὶ
1528 1951 1671 2039 ἕτερον

306 2068 339 2120 16
419 2052 517 2126 θεὸν
531 2054 597 2125 τὸν
611 2050 716 2141 λόγον
731 2049 905 2143 όνομάσαι,
928 2052 1041 2145 οόσίςι
1062 2082 1103 2125 τε
1118 2060 1182 2124 καὶ
1197 2050 1360 2142 δυνάμει
1375 2058 1577 2124 διεστῶτα
1598 2057 1674 2121 τοῦ

419 2150 585 2240 πατρός,
617 2159 664 2237 είς
689 2147 774 2243 όσην
797 2162 1013 2243 βλασφημίαν
1044 2156 1265 2225 ἐκπέπτωκεν
1296 2154 1428 2225 ἔνεστιν
1458 2158 1581 2239 σαφῶς
1612 2146 1672 2223 ἄπ’

420 2249 538 2323 αὐτῶν
559 2259 634 2324 τῶν
654 2248 711 2323 ὕπ’
733 2249 841 2325 αὐτοῦ
863 2260 1068 2342 γραφέντων
1089 2254 1207 2341 ῥητῶν
1229 2253 1356 2344 ῥαδίως
1376 2249 1575 2341 μανθάνειν.
1619 2256 1672 2340 γέ·
1691 2273 1726 2324 41

420 2379 550 2440 γραφεν
579 2348 609 2421 δ’
636 2348 754 2435 αόταῖς
775 2358 904 2439 λέξεσιν
934 2349 1057 2434 οὕτως·
1101 2347 1147 2423 οῦ
1177 2348 1304 2440 δήπου
1334 2357 1374 2422 δὲ
1404 2347 1425 2440 ή
1457 2352 1581 2422 είκῶν
1607 2358 1673 2421 καί

421 2450 466 2522 τό
489 2442 535 2523 οῦ
556 2455 668 2522 ἐστιν
690 2447 711 2541 ή
732 2452 854 2523 είκῶν
875 2454 917 2522 ἓν
937 2459 1002 2521 καὶ
1024 2446 1175 2522 ταῦτὸν
1204 2453 1444 2534 ἐπινοεῖται,
1476 2446 1577 2521 άλλά
1602 2447 1674 2521 δόσ

306 2572 341 2627 20
419 2556 491 2638 μὲν
519 2546 651 2622 οάσίαι
681 2556 746 2620 καί
777 2550 846 2623 δύο
876 2548 1086 2640 πράγματα
1115 2557 1181 2621 καί
1206 2548 1275 2621 δόο
1299 2547 1498 2639 δυνάμεις,
1532 2545 1585 2632 ῶς
1607 2556 1674 2620 καί

420 2655 612 2721 τοσαῦται
634 2656 907 2740 προσηγορίαι.

357 2758 412 2819 καὶ
436 2755 545 2820 ταῦτα
567 2745 615 2832 ῶς
636 2755 752 2832 καλῶς
774 2744 969 2833 διαβάλλων
989 2755 1215 2837 προστίθησιν
1235 2755 1346 2836 λέγων
1369 2754 1373 2838 Ι
1694 2764 1735 2817 26

420 2852 489 2934 (Νι.
505 2852 557 2937 75)
576 2854 653 2928 πῶς
672 2840 735 2919 οῦν
757 2844 798 2919 οῦ
819 2847 883 2937 τήν
906 2843 1013 2936 αῦτὴν
1035 2837 1133 2918 οὗτοι
1154 2866 1227 2930 τοῖς
1249 2851 1378 2935 ἔξωθεν
1398 2855 1566 2937 κακίστην
1588 2842 1676 2919 όδδν

420 2952 605 3034 τραπέντες
631 2945 676 3017 τά
697 2942 785 3019 αῦτά
806 2944 936 3033 διδάξαί
961 2975 999 3017 τε
1029 2953 1085 3017 καὶ
1116 2944 1244 3036 γράψαι
1272 2941 1485 3036 προῦθεντο,
1518 2952 1583 3019 τοῦ
1611 2952 1677 3035 μὲν

308 3068 342 3122 25
423 3042 585 3132 Εόσεβίου
600 3044 818 3135 Οῦαλεντίνφ
841 3075 879 3118 τε
899 3052 955 3117 καί
969 3043 1069 3135 Ἐρμῇ
1091 3040 1217 3136 δμοίως
1232 3043 1418 3136 εἰρηκότος,
1441 3052 1507 3117 τοῦ
1528 3051 1565 3117 δέ
1582 3053 1676 3135 Ναρ-

421 3152 538 3216 κίσσου
557 3152 738 3233 Μαρκίωνί
759 3152 872 3217 τεκαὶ
895 3141 1073 3229 Πλάτωνι,·

360 3239 424 3313 εἷθ’
447 3242 522 3331 ἑξῆς
544 3243 677 3333 μακράν
700 3251 756 3315 καὶ
777 3239 962 3331 άδόλεσχον
984 3239 1275 3334 ἀπεραντολογίαν
1294 3252 1448 3335 συνείρει,
1472 3242 1618 3331 φάσκων
1640 3248 1678 3331 ἐξ
1694 3265 1729 3320 42

360 3336 466 3431 άκοής
486 3349 716 3432 μεμαθηκέναι
739 3342 803 3414 τὸν
819 3340 981 3426 Εὐσέβιον
1004 3339 1208 3433 ῶμιληκέναι
1223 3342 1302 3416 τινά
1321 3349 1358 3417 ἐν
1382 3350 1566 3436 Λαοδικείᾳ
1587 3350 1677 3416 ποτε

361 3439 556 3529 γενόμενον,
587 3449 642 3512 καὶ
672 3448 750 3531 περὶ
781 3434 833 3512 ῶν
860 3438 922 3514 οῦκ
944 3438 1112 3532 ήπίστατο
1140 3439 1188 3525 ῶς
1209 3446 1244 3529 ἐξ
1265 3440 1372 3533 άκοής
1393 3445 1522 3533 μαθῶν
1543 3441 1677 3533 γράφει,

308 3563 343 3616 30
360 3548 416 3610 καὶ
438 3537 659 3611 ἐπισυνάπτει
681 3547 793 3627 λέγων

423 3642 493 3727 (Νι.
508 3645 561 3727 88)
576 3645 656 3711 δέον
678 3636 844 3712 τάναντία
864 3637 949 3728 μετὰ
970 3639 1128 3729 δακρύων
1150 3670 1188 3712 τε
1202 3648 1257 3711 καί
1272 3646 1425 3724 πένθους
1446 3639 1535 3730 πρὸς
1556 3639 1680 3730 κόριον

423 3744 508 3820 βοᾶν
545 3734 773 3828 ιήμάρτομεν,
808 3734 1027 3828 ήσεβήσαμεν,
1063 3735 1312 3829 ήνομήσαμενι,
1347 3747 1404 3811 καὶ
1439 3737 1482 3811 τὸ
1519 3739 1681 3830 πονηρόν

424 3835 576 3909 ἐνῶπιόν
611 3860 672 3909 σου
702 3835 920 3927 ἐποιήσαμεν,
951 3846 1007 3909 καὶ
1039 3844 1101 3911 νῦν
1131 3837 1358 3928 μεταγνόντες
1394 3844 1456 3929 τῆς
1487 3836 1583 3929 παρά
1617 3862 1682 3912 σου

425 3955 538 4025 τυχεῖν
568 3933 726 4025 άξιοῦμεν
757 3944 1028 4025 φιλανθρωπίας.
1079 3935 1178 4008 ταῦθ’
1214 3935 1387 4029 ἥρμοττεν
1418 3935 1531 4029 αὐτῶ,
1569 3944 1682 4010 ταῦτα
1698 3953 1732 4005 43

424 4042 609 4124 συνέφερεν
640 4041 749 4123 λέγειν
775 4033 830 4107 διά
852 4034 917 4124 τήν
938 4033 1089 4123 ἄμετρον
1110 4043 1174 4109 τοῦ
1194 4042 1281 4109 θεοῦ
1301 4035 1522 4127 χρηστότητα
1545 4046 1604 4109 καί
1627 4066 1683 4125 φι-

425 4141 662 4221 λανθρωπίαν.
706 4142 820 4205 καίτοι
856 4128 1054 4206 άκόλουθον
1076 4127 1119 4225 ήν
1140 4134 1204 4206 τόν
1224 4135 1311 4223 μετὰ
1333 4143 1604 4226 φιλανθρωπίας
1625 4145 1682 4208 καί

447 4304 487 4360 ιι
507 4303 576 4356 nan.
594 4304 619 4371 ο,
638 4306 671 4358 ιι
682 4299 738 4356 εἰ
756 4332 790 4343 -
807 4302 867 4359 ιιι
880 4302 934 4357 ιιι.
951 4305 976 4369 3,
993 4306 1011 4357 ι

450 4452 511 4508 Ιίί
533 4450 680 4524 γέγραφεν
698 4483 728 4492 -
750 4445 841 4516 οὕτως
866 4452 908 4505 als
929 4450 1071 4508 Eusebiun’
1090 4452 1187 4510 Worte
1211 4473 1278 4527 mg
1301 4458 1306 4524 Ι
1329 4456 1370 4511 20
1400 4446 1444 4511 ὧν
1467 4474 1497 4510 m
1520 4458 1525 4525 Ι
1550 4457 1591 4514 28
1623 4464 1686 4522 τοῖς

362 4553 487 4621 ιτηςΝ
511 4556 515 4619 Ι
544 4553 580 4608 27
611 4559 765 4623 συνηγορεῑ
780 4551 813 4619 V,
831 4568 899 4607 αοιτ.
916 4551 969 4607 We
987 4552 1042 4623 vgl.
1060 4554 1086 4609 S.
1104 4556 1145 4617 27,
1165 4560 1198 4612 33
1222 4557 1227 4624 Ι
1251 4557 1289 4612 82
1313 4555 1358 4626 τδ]
1376 4555 1427 4612 τδν
1445 4555 1475 4611 V
1498 4560 1503 4627 Ι
1528 4559 1570 4616 ⁸6
1597 4557 1687 4626 τδνς

363 4654 396 4711 τό
416 4655 440 4707 V
459 4651 493 4708 οὐ
510 4652 558 4708 Mo
582 4655 585 4720 Ι
610 4652 839 4724 φιλανθρωπίας]
857 4664 890 4717 -Ι-
908 4648 980 4708 οίλλά
998 4654 1044 4709 Mo
