3698 5510
250 546 254 553 .
360 482 401 544 66
970 472 1103 529 Eusebius

443 646 465 712 8
489 635 541 710 διὸ
557 637 650 760 δῆ
614 667 679 727 την
693 634 832 710 εῦθειαν
846 643 902 710 καί
915 636 1092 728 βασιλικὴν
1111 632 1195 711 όδόν
1209 633 1449 727 όρθοτομοῦσα
1467 667 1488 727 η
1478 633 1669 728 ἐκκλησία
1695 650 1841 739 παραίσια

361 743 423 807 τοῦ
445 742 531 810 θεοῦ
552 736 614 820 τὰς
634 744 696 825 μὲν
718 737 824 821 άλλας
845 737 1083 827 παρεκτροπάς
1105 735 1364 827 ἀπεδοκίμασεν,
1396 755 1469 820 τοις
1499 734 1533 809 6
1564 735 1669 828 αὐτῆς
1686 726 1735 844 {26
1761 718 1841 845 {22⁰}

360 843 605 958 θρέμμασιν”
563 866 624 927 της
639 834 816 909 ένθέου’
774 865 912 959 χαριτος
926 835 1209 927 παραδίδωσιν
1172 864 1237 925 την
1252 843 1386 926 γνῶσιν,
1400 865 1466 908 κατ
1491 832 1577 909 αῦτσ
1563 835 1666 925 <τὸ>
1700 862 1841 925 amotam}

361 945 426 1028 τῆς
443 945 695 1027 παλιγγενεσίας
716 934 903 1029 μυστήριον
925 933 1104 1027 ὁμολογεῖν
1125 933 1326 1008 διδάσκουσα
1347 933 1520 1007 πιστεύειν
1541 940 1587 1020 είς
1608 938 1669 1008 ἕνα
1713 921 1840 1058 ὄίὲῗὲξθ

324 1048 342 1102 5
359 1034 455 1120 θεον
477 1044 608 1125 πατέρα
629 1034 902 1126 παντοκράτορα,
925 1046 1058 1110 τελείαν
1078 1044 1134 1109 καὶ
1156 1033 1275 1126 ἀκριβῆ
1295 1042 1351 1108 καὶ
1374 1030 1569 1127 ὁλόκληρον
1589 1035 1669 1109 ταῦ

360 1165 426 1226 την
448 1141 571 1209 εἰδέναι
592 1143 785 1224 παρέχουσα
806 1137 873 1227 τῆν
893 1145 1094 1227 θεολογίαν,
1123 1136 1144 1228 ῆ
1165 1134 1251 1208 θεὸν
1272 1142 1312 1225 μὲ
1314 1165 1334 1206 ν
1297 1136 1415 1207 ὲένα
1436 1141 1669 1222 παραδίδωσιν

359 1234 569 1325 ἀφορίζουσα
590 1242 652 1325 τῆς
666 1229 868 1326 Ἕλληνικῆς
889 1244 945 1308 καὶ
966 1242 1141 1309 πολυθέσυ
1164 1232 1309 1324 πλάνης,
1339 1240 1472 1322 πατέρα
1493 1240 1529 1306 δε
1560 1230 1668 1307 αῦτὸν

359 1338 451 1408 οίδεν
473 1340 534 1424 τῆς
557 1332 735 1426 Ἰουδαϊκῆς
753 1344 945 1425 χωρίζουσα
966 1342 1189 1421 διδασκαλίας,
1214 1331 1481 1424 παντοκράτορα
1502 1340 1538 1406 δὲ
1561 1332 1669 1407 αὐτόν

359 1430 519 1525 ὁμολογεῖ
540 1442 622 1525 [τῆς]
640 1443 714 1508 τῶν
729 1434 848 1509 ἀθέων
863 1432 1074 1526 ἑτεροδόξων
1088 1433 1370 1525 ἀποστρεφομένη
1386 1433 1451 1525 τὴν
1467 1441 1667 1522 δυσσέβειαν.

309 1545 342 1599 10
359 1531 468 1617 οῦδείς
489 1541 572 1624 γοῦν
594 1542 668 1607 τῶν
691 1532 900 1623 ἑτεροδόξων
921 1540 1010 1607 είποι
1030 1534 1074 1607 ἀν
1088 1534 1152 1607 τὸν
1164 1541 1296 1621 πατέρα
1315 1541 1378 1605 τοῦ
1393 1541 1544 1623 Χριστοῦ
1558 1531 1667 1606 αὐτὸν
1701 1553 1719 1606 2

359 1637 443 1709 ιίναι
466 1634 530 1706 τόν
552 1634 723 1708 θεόν-τόν
743 1632 1026 1725 παντοκράὲτορα,
1049 1632 1097 1718 ῶς
1124 1632 1200 1706 0666
1221 1641 1276 1708 ὅθ’
1298 1630 1472 1706 Ἰουδαίων
1501 1628 1665 1723 ὁμολογή·
1682 1652 1719 1709 σθ

358 1758 446 1806 σειεν
476 1733 519 1806 ἀν
550 1762 602 1816 τις
632 1733 697 1805 τόν
727 1734 811 1806 θεόν
840 1742 972 1823 πατέρα
1001 1738 1087 1807 εἶναι
1117 1733 1180 1806 τόν
1205 1740 1372 1823 μονογενῆ
1395 1733 1470 1806 υίὸν
1491 1734 1536 1825 μῆ
1557 1733 1665 1819 εἰδώς,

357 1830 437 1905 οόδέ
457 1863 493 1924 γε
504 1827 631 1923 Ἕλλην
653 1834 712 1905 ένα
734 1830 843 1924 μόνον
858 1833 995 1926 φήσειεν
1009 1833 1084 1924 <ἀν>
1107 1838 1229 1907 είδέναι
1250 1829 1344 1905 θεόν.
1386 1831 1440 1903 διὸ
1462 1833 1503 1924 δὴ
1526 1831 1666 1907 τούτων

358 1929 527 2006 ἀπάντων
548 1930 829 2021 ἀποκαθαίρουσα
851 1935 915 2024 τὴν
936 1930 1071 2023 πλάνην
1094 1929 1114 2023 6
1136 1938 1292 2021 ἐκκλησία
1315 1931 1379 2003 τὸν
1405 1932 1464 2004 ἕνα
1494 1932 1579 2004 θεὸν
1608 1962 1666 2023 κη·

307 2048 339 2101 15
359 2031 482 2123 ρόττει,
505 2029 612 2105 αὐτόν
633 2035 789 2105 εἶναικαὶ
803 2040 935 2125 πατέρα
949 2041 1005 2105 καὶ
1019 2030 1285 2121 παντοκράτορα
1300 2029 1511 2116 διδάσκουσα,
1533 2039 1665 2122 πατέρα

356 2138 418 2219 μέν
440 2132 516 2214 ἑνός
543 2138 605 2204 τοῦ
628 2139 778 2221 Χριστοῦ
806 2131 928 2223 μόνου,
960 2141 1034 2205 τῶν
1065 2139 1100 2205 δὲ
1131 2139 1266 2205 λοιπῶν
1296 2127 1465 2203 ἀπάντων
1494 2130 1581 2203 θεόν
1610 2138 1665 2202 καὶ

356 2238 498 2321 κτίστην
519 2238 575 2303 καὶ
596 2230 723 2352 κύριον.
768 2226 861 2305 οότω
888 2241 944 2304 καὶ
969 2232 1046 2305 υίόν
1072 2239 1156 2304 θεοῦ
1177 2237 1344 2322 μονογενῆ
1365 2228 1492 2321 Ἰησοῦν
1514 2230 1665 2317 Χριστόν

355 2337 598 2420 παραδίδωσιν,
621 2330 684 2403 τὸν
705 2332 772 2420 πρό
794 2330 941 2405 πάντων
956 2332 1093 2404 αἰώνων
1114 2337 1152 2403 έκ
1174 2337 1237 2403 τοῦ
1257 2330 1389 2420 πατρὸς
1410 2336 1664 2419 γεγεννημένον,

357 2427 398 2501 06
420 2429 483 2502 τόν
504 2428 611 2504 αῦτόν
634 2425 718 2503 ὄντα
738 2440 789 2523 τῷ
811 2439 931 2519 πατρί,
962 2430 1039 2504 καθ’
1063 2430 1188 2504 εαυτόν
1217 2425 1305 2503 δε
1284 2460 1370 2503 οντα
1395 2437 1450 2501 καὶ
1473 2438 1588 2517 ζῶντα
1608 2438 1664 2500 καὶ

305 2542 340 2598 20
357 2526 500 2620 ἀληθῶς
521 2529 597 2603 υἱόν
618 2528 776 2615 συνόντα,
800 2531 943 2604 θεόνέκ
964 2537 1048 2603 θεοῦ
1069 2537 1124 2602 καὶ
1147 2537 1223 2617 φῶς
1244 2536 1281 2602 έκ
1302 2528 1421 2617 φωτός
1442 2537 1498 2599 καὶ
1520 2529 1665 2619 ζωῆνέκ

357 2637 460 2720 ζωῆς.
491 2625 646 2714 ἀλέκτοις
675 2638 730 2703 καλ
763 2628 923 2721 ἀρρήτοις
953 2638 1008 2702 καὶ
1038 2627 1257 2701 παντάπασιν
1287 2626 1479 2719 ἀγνώστοις
1506 2625 1583 2719 ῆμίν
1608 2638 1664 2700 καὶ

357 2727 613 2818 ἀκαταλήπτοις
635 2729 748 2820 λόγοις
770 2736 807 2802 έκ
829 2729 1043 2819 τοῦπατρὸς
1064 2734 1119 2802 ἐπὶ
1138 2735 1289 2823 σωτηρίη
1305 2736 1379 2800 τῶν
1394 2722 1489 2800 όλων
1511 2755 1664 2817 γεγεννη-

355 2833 471 2916 μένον,
502 2834 557 2899 καὶ
587 2824 649 2917 οῦχ
679 2826 805 2917 ὁμοίως
834 2838 896 2921 μὲν
923 2850 996 2915 τοῖς
1018 2839 1150 2913 λοιποῖς
1171 2848 1344 2919 γεννητοῖς
1365 2826 1565 2901 ἀποστάντα
1586 2823 1664 2898 οῦδὲ

356 2928 448 3017 ζωῆν
470 2932 598 3018 έμφερῆ
620 2945 692 3009 τοῖς
714 2925 754 3000 δι’
770 2926 877 3002 αῦτοῦ
892 2936 1145 3021 γεγεννημένοις
1167 2935 1291 3016 ζῶντα,
1313 2927 1423 3015 μόνον
1445 2934 1481 2999 δὲ
1502 2932 1539 3012 ἐξ
1557 2922 1664 2998 αῦτοῦ

303 3042 337 3096 25
357 3034 419 3099 τοῦ
439 3026 569 3114 πατρὸς
589 3024 827 3117 ἀποτεχθέντα
849 3036 905 3100 καὶ
927 3025 1105 3117 αῦτοζωῆν
1127 3022 1221 3100 ὄντα.
1263 3034 1318 3099 καὶ
1342 3031 1487 3115 ἔπρεπεν
1517 3026 1580 3117 γὰρ
1612 3033 1662 3116 τῷ
1702 3046 1719 3097 3

355 3130 409 3197 έπὶ
432 3124 578 3200 πάντων
599 3135 672 3217 θεῶ
694 3127 763 3217 πρὸ
785 3128 917 3212 παντὸς
939 3135 1084 3218 γενητοῦ
1105 3136 1161 3199 καί
1183 3127 1250 3215 πρὸ
1272 3124 1418 3199 πάντων
1450 3126 1591 3199 αἰώνων
1622 3125 1664 3199 τό

354 3233 534 3316 μονογενὲς
557 3233 663 3299 τοῦτο
678 3233 911 3314 προβαλέσθαι
926 3233 1082 3317 γέννημα,
1106 3225 1220 3316 ῶσπερ
1235 3226 1314 3298 τινά
1328 3232 1476 3316 κρηπῖδα
1495 3233 1552 3298 καὶ
1567 3234 1665 3314 θεμέ-

356 3338 432 3398 λιον
452 3322 580 3417 ἀρραγῆ
602 3333 675 3397 τῶν
696 3323 897 3412 μελλόντων
912 3323 953 3397 δι’
974 3323 1080 3399 αὐτοῦ
1101 3323 1310 3416 γενήσεσθαι.
1353 3325 1405 3398 διὸ
1428 3326 1469 3416 δῆ
1491 3326 1558 3412 πρό
1581 3323 1666 3398 πάν-

356 3455 429 3496 των
453 3434 525 3498 τῶν
545 3423 747 3515 μελλόντων
768 3430 902 3496 ἔσεσθαι
925 3425 988 3498 τόν
1016 3423 1092 3497 υίόν
1122 3430 1241 3514 ἐγέννα
1274 3423 1388 3513 ῶσπερ
1419 3423 1513 3508 τινός
1544 3425 1665 3513 φωτὸς

303 3540 337 3593 30
355 3523 476 3597 άκτινα
497 3533 554 3598 καὶ
576 3532 665 3616 ζωῆς
687 3526 800 3616 πηγὴν
819 3531 874 3597 καὶ
896 3524 1071 3615 θησαυρόν
1094 3523 1250 3649 ἀγαθῶν,
1285 3528 1340 3597 »έν
1370 3517 1399 3615 6
1422 3522 1551 3607 πάντες
1581 3527 1665 3595 είσὶν
1832 3600 1833 3609 ¹

356 3629 388 3695 οἱ
420 3632 589 3747 θησαυροὶ
621 3633 682 3715 τῆς
713 3633 834 3712 σοφίας
865 3632 920 3696 καὶ
951 3630 1011 3712 τῆς
1042 3625 1201 3713 γνώσεως
1231 3622 1442 3715 ἀπόκρυφοι(
1475 3625 1564 3697 κατὰ
1600 3622 1665 3697 τόν
1831 3656 1832 3717 η

356 3738 452 3795 θεῖον
477 3721 683 3797 ἀπόστολον
727 3723 906 3796 τοσούτων
937 3722 1079 3813 ἀγαθῶν
1110 3719 1129 3796 6
1159 3722 1264 3815 μόνος
1295 3722 1425 3813 ἀγαθός
1447 3723 1568 3848 πατὴρ
1601 3730 1664 3797 τὸν
1700 3750 1717 3800 4
1830 3770 1831 3825 η

355 3821 472 3895 υίὸν
452 3819 587 3913 ῦφίοτη,
610 3821 787 3913 αῦτοζωῆν
810 3817 897 3894 όντα
919 3824 1092 3911 ζωοπολόν
1115 3832 1188 3896 τῶν
1210 3819 1314 3909 όλων,
1336 3833 1392 3896 καὶ
1414 3820 1578 3911 αῦτοφῶς
1603 3822 1664 3895 »τὸ

356 3919 543 4011 ἀληθινόν(
577 3929 632 3993 καὶ
662 3921 771 4012 πάσης
802 3930 921 4013 νοερᾶς
949 3931 1005 3995 καὶ
1036 3931 1173 4013 λογικῆς
1202 3922 1316 4007 οῦσίας
1346 3920 1571 4011 φωτιστικόν,
1608 3931 1665 3995 καὶ

442 4142 512 4199 141
531 4145 586 4214 vgl.
605 4143 654 4198 das
673 4143 978 4198 Glaubensbekenntnis
996 4144 1043 4198 des
1064 4143 1211 4199 Eusebius:
1229 4145 1323 4212 Hahn‚
1343 4145 1504 4201 Bibliothek
1521 4145 1569 4200 der
1586 4144 1664 4216 Sym·

355 4244 432 4299 λεοΙε3
451 4246 515 4300 1897
535 4248 549 4311 ξ
569 4246 619 4302 188
637 4245 716 4307 (auch
735 4245 795 4313 193)
815 4275 848 4284 -
868 4245 908 4300 80
926 4245 988 4301 Kol.
1006 4247 1030 4313 2,
1048 4249 1064 4301 3
1082 4277 1115 4286 -
1134 4246 1173 4302 88
1191 4246 1253 4302 Joh
1272 4252 1295 4309 1,
1313 4250 1329 4303 9

441 4445 556 4500 auam
583 4446 588 4512 Ι
613 4444 923 4515 4διδάσκουσαΗ-καί
940 4447 986 4500 Mo
1015 4446 1019 4512 Ι
1048 4446 1267 4517 θπαρέχονσαν
1277 4449 1309 4514 V,
1327 4465 1395 4503 corr.
1405 4449 1451 4506 Mo
1478 4452 1483 4518 Ι
1511 4448 1581 4519 η’ΚΙ
1602 4450 1619 4519 η
1639 4451 1663 4503 V

357 4548 361 4603 ἱ
391 4545 476 4612 θτῆς
494 4546 605 4599 str.We
632 4550 636 4611 Ι
665 4547 702 4601 18
721 4542 805 4601 &vm
832 4548 836 4613 Ι
862 4542 905 4602 διὸ
925 4549 956 4614 δη
976 4547 1028 4602 We
1045 4545 1171 4604 διάτοιλ
1198 4551 1202 4616 Ι
1231 4551 1268 4606 16
1280 4546 1354 4620 ἑνὸς]
1373 4557 1405 4614 -λ-
1423 4547 1506 4606 υίοῦλ
1529 4553 1534 4619 Ι
1561 4552 1602 4607 20
1620 4568 1663 4607 σι·-

358 4644 453 4713 νόντα]
474 4654 505 4708 -ί-
524 4653 563 4719 τῴ
582 4649 667 4717 πατρί
685 4659 726 4699 mr
