3698 5510
313 492 371 553 122
899 486 1033 542 Eusebius

310 640 368 736 ήν,
399 643 487 720 άλλὰ
509 644 590 718 καθ)
614 651 758 721 ἕκαστον
780 652 945 739 ἐγίγνετο,
955 647 1063 777 πρός
1092 642 1321 738 ῦήὲκόστου
1347 644 1486 767 δύναμις
1508 648 1562 717 οἵα
1584 673 1623 716 τε

311 740 355 875 ήν
376 766 502 837 χωρεῖν
523 750 679 835 προσιὼν
701 746 787 837 αὐτή
808 757 865 820 καὶ
886 757 929 839 τῇ
952 747 1098 869 ἑκάστου
1119 755 1209 837 ψυχή
1232 747 1274 819 τὸ
1295 743 1515 835 κατάλληλον
1536 771 1622 833 παρ·

310 855 398 937 έχων
428 851 463 934 ἐξ
494 844 600 919 αύτοῦ
632 854 791 939 πνεῦμα),
821 856 878 921 καὶ
908 849 1032 937 νοερδιν
1062 846 1291 929 είκότωςὶ
1235 852 1291 917 ἐπὶ
1251 852 1380 918 πτοῦ
1405 839 1621 967 παρόντοςό

311 945 544 1036 εύαγγελιστής
566 954 630 1019 τοῦ
658 946 764 1037 λόγου
790 953 928 1037 ἔμελλεν
959 945 1230 1039 εὐαγγελίζεσθαι
1261 952 1474 1035 οἰκονομίαν,
1504 938 1621 1016 οὐκέθ’

275 1065 291 1117 5
310 1042 435 1137 ομοίως
457 1065 531 1129 τοῖς
552 1059 713 1130 παλαιοῖς
739 1057 915 1137 γεγονέναι
942 1045 1050 1120 αύτόν
1076 1047 1195 1137 <πρός>
1224 1045 1342 1134 ἕτερόν
1363 1073 1441 1117 τινα
1464 1041 1622 1123 διδάσκει,

310 1142 384 1218 ἀλλ’
408 1143 515 1218 αύτόν
536 1144 642 1234 σάρκα
665 1143 883 1236 ἀνειληφέναι
905 1155 961 1220 καὶ
984 1146 1178 1236 ἄνθρωπον
1197 1152 1379 1238 γεγονέναι
1421 1141 1481 1216 εἶτ’
1504 1143 1621 1232 ἐπειδὴ

308 1245 374 1335 τήν
395 1251 442 1328 είς
465 1240 674 1334 ἀνθρώπους
696 1242 803 1319 αὐτοῦ
829 1245 1002 1368 σωτήριον
1028 1266 1102 1330 τοῖς
1128 1255 1233 1320 πᾶσιν
1257 1244 1413 1336 πάροδον
1438 1242 1621 1335 κηρύττειν

308 1348 459 1433 ἔμελλεν,
492 1348 566 1434 ἑξῆς
596 1351 710 1433 λέγων
739 1341 858 1418 »καὶ
839 1376 859 1417 ο
886 1344 987 1437 λόγος
1014 1347 1098 1435 σάρξ
1123 1352 1258 1437 ἐγένετο
1283 1353 1340 1417 καὶ
1365 1342 1620 1433 ἐσκήνωσενίν

307 1442 422 1535 ημῑνι,
454 1441 646 1532 ἀναγκαίως
676 1450 731 1516 ἐπὶ
758 1445 823 1536 τήν
849 1442 956 1537 ἀρχὴν
981 1443 1172 1568 άνατρέχει,
1204 1446 1268 1518 τόν
1296 1450 1379 1534 χθὲς
1408 1451 1465 1513 καί
1493 1442 1619 1531 προόην

257 1565 290 1619 10
307 1552 533 1633 σαρκωθέντα
563 1541 670 1634 λόγον
699 1553 752 1627 τίς
781 1575 867 1619 ποτε
901 1549 944 1666 ήν
973 1554 1030 1617 καὶ
1060 1542 1180 1629 όποιος
1209 1543 1354 1629 δεικνύς,
1392 1554 1552 1633 θεολογεῑ
1580 1554 1654 1613 τε3

308 1641 427 1731 αύτόν,
459 1640 545 1732 όμοῦ
570 1645 636 1734 τήν
662 1653 790 1735 γνῶσιν
816 1642 923 1718 αύτοῦ
947 1654 1003 1718 καὶ
1025 1645 1090 1737 τήν
1112 1649 1158 1727 εἰς
1180 1642 1388 1733 ἀνθρώπους
1408 1640 1620 1731 θεοφάνεαιν

308 1743 609 1836 εὐαγγελιζόμενος.
638 1742 748 1816 είθΗ
719 1776 768 1829 ως
790 1755 864 1817 τῶν
885 1753 1044 1818 παλαιῶν
1065 1751 1103 1818 ἐκ
1117 1752 1192 1817 τῶν
1207 1752 1315 1816 θείων
1337 1740 1620 1834 ἀναγνωσμάτων

306 1842 629 1935 προμεμαθηκότων
651 1843 715 1917 τόν
736 1842 790 1932 ἐφ’
813 1842 946 1936 ἑκάστῳ
969 1844 1132 1936 προφήτῃ
1161 1841 1344 1934 γενόμενον
1366 1840 1484 1931 λόγον,
1514 1838 1620 1923 αύτός

307 1944 373 2034 τήν
394 1951 578 2033 θειοτέραν
598 1952 653 2015 καὶ
676 1949 851 2034 ἐξαίρετον
873 1939 979 2034 ἀρχὴν
1001 1942 1108 2017 αύτοῦ
1128 1943 1301 2035 κηρύττει,
1332 1941 1375 2033 ἣν
1405 1939 1515 2025 ούδείς
1535 1970 1619 2029 προ-

257 2061 289 2114 15
308 2051 431 2132 φητῶν
452 2040 655 2132 ἀνθρώποις
676 2051 811 2133 γυμνῶς
832 2038 945 2126 οὕτως
965 2053 1022 2116 καὶ
1037 2040 1336 2135 ἀπαρακαλύπτως
1358 2047 1528 2131 ἐξέφηνεν.
1565 2039 1654 2113 διό4

307 2141 434 2233 μεγάλη
457 2152 558 2232 φωνῇ
580 2162 654 2226 τοῖς
675 2148 779 2214 πᾶσιν
805 2141 847 2213 τό
874 2143 1022 2232 λεληθὸς
1051 2151 1107 2213 καὶ
1136 2143 1283 2230 κρύφιον
1312 2150 1390 2229 περὶ
1419 2148 1483 2214 τοῦ
1514 2140 1620 2228 λόγου

305 2240 492 2332 μυστήριον
512 2243 718 2329 παραδιδούς
738 2239 817 2328 ἐβόα
839 2250 949 2329 λέγων
974 2247 1029 2314 »ἐν
1051 2239 1136 2332 όρχῇ
1158 2234 1200 2331 ήν
1222 2237 1242 2312 6
1262 2239 1374 2329 λόγος,
1397 2247 1452 2312 καὶ
1475 2236 1493 2311 6
1517 2237 1619 2328 λόγος

307 2333 350 2431 ήν
371 2340 459 2430 πρός
480 2339 545 2413 τόν
566 2340 666 2427 θεόν,
688 2349 744 2413 καὶ
765 2342 848 2425 θεὸς
870 2334 913 2432 ήν
936 2337 954 2413 6
977 2338 1086 2430 λόγος.
1129 2339 1244 2413 πάντα
1271 2336 1314 2413 δι’
1340 2338 1447 2412 αύτοῦ
1473 2344 1617 2428 ἐγένετο,

304 2448 360 2511 καὶ
389 2446 493 2531 χωρὶς
523 2438 630 2514 αύτοῦ
660 2446 795 2530 ἐγένετο
826 2437 904 2514 οῦδὲ
935 2443 996 2512 ἕνα
1051 2447 1080 2511 εί
1110 2439 1173 2529 γὰρ
1202 2441 1294 2531 παρὰ
1326 2448 1400 2511 τῶν
1435 2445 1653 2563 προτέρωνο

254 2560 288 2616 20
306 2548 413 2614 θείων
435 2548 581 2632 γραφῶν
602 2540 918 2632 παιδαγωγούμενοι
940 2539 1045 2612 πάλαι
1066 2536 1237 2629 πρότερον
1251 2537 1479 2629 μεμαθήκατε,
1501 2544 1616 2627 φησίν,

307 2634 363 2713 ότι
384 2640 486 2731 λόγος
507 2649 625 2731 κυρίου
646 2644 782 2728 ἐγένετο
803 2640 891 2728 πρὸς
912 2638 1013 2712 τόνδε
1036 2642 1099 2713 τόν
1119 2639 1305 2731 προφήτην
1327 2636 1484 2728 καὶπρὸς
1499 2638 1619 2726 ἕτερον

305 2738 409 2814 πάλιν
439 2736 566 2830 ὁμοίως
591 2745 724 2829 ἐγένετο
752 2746 808 2810 καὶ
830 2733 931 2822 αὖθις
951 2738 1054 2860 πρὸς.
1068 2740 1188 2825 ἄλλον,
1219 2736 1306 2812 άλλά
1337 2745 1400 2811 νῦν
1430 2735 1508 2826 ούχ
1505 2730 1619 2817 όπως

304 2844 439 2930 ἐγένετο
462 2837 536 2913 ἀλλ’
560 2833 656 2922 όπως
682 2831 726 2929 ἢν
751 2837 828 2910 ἐν’
807 2849 891 2929 αρχῇ
914 2859 985 2922 τοῖς
1007 2847 1110 2911 πᾶσιν
1132 2834 1318 2928 άναγκατον
1340 2836 1619 2960 εὐαγγελίσασθαι

305 2937 412 3011 καὶ
384 2971 433 3024 ως
458 2939 557 3022 »θεὸς
579 2931 639 3029 ήντ
668 2937 779 3010 καὶ(
750 2970 799 3022 ως
832 2938 965 3012 »πάντα
991 2936 1033 3009 δι’
1056 2937 1163 3011 αύτοῦ
1184 2944 1336 3028 ἐγένετο(
1364 2933 1471 3009 καὶ
1443 2967 1492 3019 ως
1513 2933 1618 3019 αύτός

255 3057 289 3110 25
306 3045 433 3123 ἐκεῖνος
463 3045 517 3113 70¹
545 3034 565 3110 6
594 3036 677 3121 θεὸς
708 3037 823 3127 λόγος,
860 3038 918 3111 »δι’
950 3031 990 3110 06
1021 3040 1065 3111 τὰ
1095 3038 1243 3123 πόντοι,
1275 3045 1523 3127 φιλανθρωπίᾳ
1553 3041 1618 3107 τοῦ

305 3138 437 3228 πατρὸς
461 3137 562 3228 »σάρξ
583 3142 718 3226 ἐγένετο
740 3148 797 3211 καὶ
818 3137 1045 3229 ἐσκήνωσεν
1030 3169 1068 3211 εν
1090 3138 1197 3229 ήμῑνι.
1230 3147 1234 3219 Ι
1268 3134 1364 3210 ταῦτ
1387 3136 1617 3256 εύηγγελίζετο
1636 3152 1669 3217 οι
1685 3149 1754 3206 186

305 3234 460 3328 Ἰωάννης
480 3269 500 3309 ο
490 3234 624 3329 μέγας
646 3245 710 3311 τοῦ
732 3244 881 3326 Χριστοῦ
902 3239 1060 3330 μαθητής
1082 3246 1138 3310 καὶ
1169 3234 1377 3321 ἀπόστολος,
1410 3237 1452 3356 τά
1479 3243 1539 3307 νέα
1560 3241 1617 3306 καὶ

305 3337 405 3409 καινά
435 3346 499 3411 τοῦ
525 3345 681 3428 σωτῆρος
710 3335 935 3410 παιδεύων
913 3332 1068 3422 όπαντας
1098 3335 1307 3427 άνθρωπους
1337 3333 1512 3427 μυστήρια.
1555 3332 1617 3423 ούχ

306 3430 360 3508 ότι
382 3436 518 3527 λογικὸς
540 3468 583 3527 ην
606 3468 625 3509 ο
654 3436 750 3521 θεός,
781 3432 900 3508 οὐδ’υ
881 3467 936 3509 οτι
962 3435 1066 3520 αύτός
1094 3437 1179 3527 πρός
1209 3437 1334 3509 ἑαυτὸν
1364 3442 1529 3507 διενοεῖτο
1558 3441 1616 3505 καὶ

246 3536 316 3604 '30‘
305 3544 415 3626 εαυτῷ
437 3543 696 3627 προσδιελέγετο
722 3534 934 3626 »ποιήσωμεν
955 3536 1165 3625 ἄνθρωπον(
1190 3544 1308 3624 λέγων,
1332 3529 1448 3609 ούδ’”
1429 3564 1484 3606 οτι
1499 3531 1616 3620 λόγοις

303 3643 462 3726 κέχρηται
483 3655 555 3719 τοῖς
578 3644 651 3708 τῶν
672 3643 856 3723 πρακτέων
877 3649 1166 3727 παραγγελτικοῑς.
1202 3641 1310 3707 ταῦτα
1325 3635 1388 3725 γὰρ
1403 3640 1470 3715 πᾶς
1491 3629 1615 3723 άρνού·

302 3764 404 3825 μενος
426 3735 489 3807 τόν
509 3734 587 3808 υίόν
609 3743 673 3808 τοῦ
694 3742 778 3807 θεοῦ
800 3740 890 3808 είποι
917 3736 968 3806 όν.
1012 3732 1030 3807 6
1054 3737 1095 3826 66
1116 3742 1173 3807 καὶ
1194 3732 1395 3823 Μάρκελλος
1416 3740 1540 3809 ποιῶν,
1564 3729 1649 3815 οίςῖ

302 3838 358 3906 ἐπὶ
380 3834 616 3923 κρησφύγετον
638 3839 693 3906 ἐπὶ
715 3835 781 3925 τήν
802 3834 954 3908 παλαιόν
975 3835 1178 3923 καταφεύγει
1199 3833 1333 3923 γραφὴν
1354 3832 1470 3904 καὶτὰ
1491 3828 1613 3920 νηπιό-

304 3945 398 4020 ζοντι
429 3941 482 4023 τῷ
504 3931 674 4006 Ἰουδαίων
705 3943 777 4025 λαῷ
804 3942 967 4024 περὶτοῦ
992 3935 1037 4025 μή
1060 3940 1323 4021 εἰδωλολατρειν
1354 3934 1413 4005 ἕνα
1444 3939 1479 4004 δὲ
1505 3929 1617 4021 μόνον

250 4046 284 4102 35
303 4038 426 4105 εἰδέναι
457 4064 494 4105 τε
520 4042 576 4105 καὶ
605 4041 712 4120 σέβειν
738 4035 823 4107 θεὸν
844 4043 1121 4125 παρρηγγελμένα
1143 4031 1298 4121 συνάγειν
1319 4038 1485 4119 πειρᾶται.
1527 4033 1616 4103 ἔνθα

385 4252 1615 4321 8J0h.1‚14-17Joh.1,1.3—24J0h.1‚1-Joh.1‚3-251K0r.&6

301 4383 334 4393 -
353 4355 392 4410 26
409 4354 470 4411 Joh.
490 4359 513 4424 l,
532 4360 565 4411 14
583 4387 616 4395 -
634 4357 675 4413 80
694 4358 761 4412 Gen.
781 4362 804 4425 1,
822 4360 856 4413 26

390 4554 551 4612 166'2822
570 4557 610 4611 V*
645 4560 649 4625 Ι
681 4553 1240 4626 4ίμελιευΚ1νς].Ζ.8μέλλωνλΙ
1272 4553 1381 4626 ῦπρδς
1399 4554 1438 4609 Re
1460 4558 1465 4621 Ι
1491 4553 1529 4609 Ιθ
1546 4554 1612 4623 περὶ

300 4657 348 4722 V*,
366 4675 434 4714 corr.
454 4658 492 4711 V²
