3698 5510
334 456 375 518 98
929 449 1062 505 Eusebius

336 618 455 732 δῆλον.
466 608 498 684 δ’
522 604 576 683 ότι
598 609 670 693 υίὸς
696 618 759 684 τοῦ
784 619 878 684 θεοῦ.
921 612 973 685 διό
999 622 1169 704 μυστικῶς
1200 610 1372 703 πρότερον
1403 614 1436 685 σί
1466 621 1530 686 τοῦ
1559 621 1642 686 θεοῦ

336 718 513 803 προφῆται
536 708 713 800 διαφόροις
736 709 844 785 αὐτόν
865 709 1026 800 ἐδόξαζον
1047 718 1256 803 όπηγορίαις,
1279 713 1320 785 τό
1342 709 1541 803 ἀπόρρητον
1562 711 1641 837 ηἷπο-

337 810 549 900 κρύπτοντες
570 818 624 881 καὶ
647 819 690 901 τῇ
713 808 819 886 αὐτοῦ
839 810 951 903 χάριτι
978 812 1044 904 τήν
1071 821 1117 896 είς
1138 810 1271 896 πάντας
1298 809 1516 901 ἀποκάλυψιν
1538 810 1642 885 αότοῦ

336 906 579 998 ταμιευόμενοι.
630 903 690 982 ότε
726 920 844 982 τοίνυν
873 912 958 1002 μετὰ
988 912 1156 997 τοσαύτας
1186 920 1259 985 τῶν
1290 919 1433 1003 γραφῶν
1462 919 1643 1035 μαρτυρίας

301 1016 569 1098 ῦδιισχυρίξεται
590 1008 791 1097 Μάρκελλος
813 1011 876 1084 τόν
897 1010 985 1085 ἐν’
965 1021 1049 1102 αρχή
1072 1010 1178 1102 λόγον
1203 1009 1328 1101 πρὶν“
1305 1041 1326 1102 η
1349 1011 1413 1102 τήν
1435 1007 1542 1100 σάρκα
1565 1008 1639 1083 α’να·

336 1116 452 1193 λαβεῖν
473 1110 616 1198 μηδὲίν
617 1138 716 1198 τερον
738 1107 877 1183 εἶναι
855 1140 876 1200 η
908 1109 1014 1201 λόγον
1040 1119 1095 1183 καὶ
1118 1109 1229 1202 μηδ’
1217 1117 1321 1202 ετέρῳ
1343 1108 1587 1201 χρηματίσαι’
1568 1110 1643 1184 ονό·

336 1238 431 1299 ματι,
462 1206 545 1281 τότε
575 1214 610 1280 δὲ
634 1206 811 1297 διαφόρων
832 1215 1026 1301 έπηγοριῶν
1049 1217 1266 1302 τετυχηκέναι
1296 1205 1355 1283 ότε
1380 1207 1417 1283 »ό
1439 1208 1542 1301 λόγος
1564 1210 1644 1297 σὰρξ

336 1314 503 1399 ίχένετοι,
529 1307 597 1398 πρὸ
625 1308 752 1382 τούτου
774 1316 877 1400 μηδὲν
898 1310 1018 1400 ἕτερον
1040 1305 1126 1385 ὄντα
1148 1309 1170 1401 ἠ
1193 1307 1307 1400 λόγον,
1329 1318 1404 1393 πῶς
1426 1305 1490 1382 οόκ
1511 1307 1643 1399 ἀμαθὴς

335 1415 391 1479 καί
423 1403 585 1490 ἀσύνετος
615 1416 689 1481 τῶν
725 1418 834 1482 θείαν
864 1406 1025 1499 ἐλέγχοιτ’
1057 1408 1100 1483 όν
1131 1405 1427 1501 ἄναγνοισμότανν;
1463 1406 1552 1482 ἀλλὰ
1583 1410 1643 1499 γὰρ

285 1516 319 1570 10
337 1507 466 1580 τούτου
487 1505 683 1594 συστάντος,
707 1516 787 1599 φέρε
810 1506 944 1594 λοιπόν,
967 1507 1082 1598 ὥσπερ
1105 1507 1358 1597 όναβεβιιοκότα
1385 1508 1448 1581 τόν
1472 1515 1552 1582 νέον
1578 1517 1644 1579 Σα-

336 1614 473 1693 βέλλιον
494 1608 765 1699 έποπτεόσεομεν.

967 1860 1016 1931 Η.

432 2005 527 2080 Τόδε
550 2008 595 2080 τό
617 2007 648 2094 ἠδ
671 2015 847 2097 περιέχει
869 2007 1097 2100 σύγγραμμα
1120 2016 1192 2102 τῆς
1214 2014 1551 2099 ἐκκλησιαστικῆς

873 2118 1099 2200 θεολογίας.

283 2255 317 2310 15
357 2252 384 2315 α’
403 2256 482 2327 όπιος
498 2264 549 2331 τήν
566 2265 725 2337 Σαβελλίου
743 2265 829 2333 δόξαν
847 2260 1001 2321 ἀνενεοῦτο
1021 2263 1196 2337 Μάρκελλος.

356 2340 382 2417 ἠέ
401 2340 480 2411 όπονς
496 2348 545 2401 καί
563 2341 723 2417 Ἰουδαίζων
740 2357 775 2420 τῇ
791 2349 859 2418 δόξῃ
877 2348 1054 2420 διελέγχεται.

357 2423 383 2498 γ’
402 2424 480 2495 ίίπιυς
505 2428 556 2485 τόν
582 2434 670 2504 λόγον
696 2442 747 2490 τοῦ
773 2437 845 2490 θεοῦ
870 2431 902 2490 έν
927 2440 966 2504 τῷ
992 2438 1053 2507 θεῷ
1075 2427 1145 2490 ὄντα
1167 2428 1296 2505 ἄναρχον
1318 2426 1391 2488 εἶναι
1416 2433 1466 2487 καί
1490 2429 1643 2503 ἀγέννητον

403 2511 529 2587 ὡρίζετο.

358 2593 381 2653 δ’
400 2593 478 2664 ὅπως
496 2595 527 2655 ἓν
544 2602 593 2656 καί
609 2599 713 2657 ταθτόν
731 2594 805 2658 εἶναι
822 2601 872 2658 τόν
890 2602 978 2672 λόγον
995 2604 1044 2658 καί
1061 2603 1112 2658 τόν
1129 2600 1200 2658 θεόν
1218 2596 1322 2673 ἔλεγεν.

284 2679 319 2735 20
361 2679 384 2739 ε’
403 2678 447 2739 ότι
463 2691 553 2741 ταῦτα
570 2687 662 2756 λέγων
680 2686 791 2756 ἠρνεῖτο
810 2685 860 2742 τόν
878 2683 948 2742 υἱόν.

358 2762 379 2834 ς’
399 2762 477 2834 ὅπως
494 2767 511 2837 ἠ
529 2764 663 2839 ἐκκλησία
681 2770 732 2825 τόν
749 2767 812 2827 υἱόν
828 2774 970 2841 θεολογεῑ.

358 2844 382 2920 ζ’
401 2847 479 2919 ὅπως
496 2853 513 2921 ἠ
532 2849 664 2924 ἐκκλησία
681 2856 733 2923 τήν
749 2862 802 2910 τοῦ
818 2856 928 2924 πατρὸς
945 2857 1106 2927 μοναρχίαν
1123 2852 1262 2927 κηρύττει.

341 2932 394 3005 (η’)
408 2935 519 3003 ὁποίοις
536 2935 658 3008 ῥήμασιν
676 2937 845 3009 Μάρκελλος
862 2940 977 3011 ἠρνεῖτο
994 2940 1045 2995 τόν
1063 2936 1124 2996 υίδν
1141 2946 1193 2994 τοῦ
1209 2943 1288 2997 θεοῦ.

358 3015 388 3077 θ’
405 3017 520 3093 ἔλεγχος
536 3029 585 3091 τῆς
602 3030 652 3078 τοῦ
670 3020 774 3092 ἀνδρὸς
790 3025 967 3090 κακοδοξίας.

290 3104 325 3158 2ῦ
372 3102 389 3161 ι’
408 3102 451 3162 ότι
468 3109 507 3177 μή
526 3104 623 3179 ὀρθῶς
640 3104 784 3174 ἐξεδέξατο
801 3108 835 3163 τό
855 3105 901 3163 »ἐν
919 3105 994 3181 ἀρχῇ
1011 3104 1045 3178 ἠν
1064 3107 1080 3164 6
1098 3107 1209 3179 λόγοςι.

354 3186 391 3246 ια’
411 3186 455 3247 ότι
472 3190 543 3248 ποτὲ
558 3192 612 3261 μὲν
629 3190 715 3248 αὐτόν
733 3193 914 3263 προφορικδν
932 3201 983 3248 τοῦ
1000 3196 1073 3249 θεοῦ
1090 3193 1190 3263 λόγον,
1213 3190 1283 3249 ποτε
1304 3191 1335 3249 δὲ
1356 3187 1523 3247 ἐνδιάθετον
1541 3189 1645 3260 ὁμοίως

409 3284 449 3350 τῷ
467 3274 498 3332 έν
515 3272 682 3348 ἀνθρώποις
698 3271 830 3346 ἔφασκεν.
854 3279 858 3344 Ι

350 3356 386 3434 ιβ
405 3356 450 3417 ότι
474 3363 513 3430 μή
539 3358 580 3427 ὼς
605 3359 697 3417 ἐδόκει
714 3359 875 3435 Μαρκέλλῳ
902 3358 918 3415 6
948 3358 1146 3431 εόαγγελιστὴς
1163 3365 1214 3431 τήν
1232 3363 1297 3435 περί
1314 3367 1367 3417 τοῦ
1384 3360 1472 3430 λόγου
1490 3360 1645 3431 θεολογίαν

408 3442 532 3512 ἐξέθετο.

287 3526 322 3583 30
351 3525 387 3600 ιγ’
404 3536 539 3599 ποσαχῶς
556 3530 588 3585 τό
607 3529 820 3598 σημαινόμενον
837 3527 869 3586 ἐκ
886 3536 935 3599 τῆς
952 3538 1003 3585 τοῦ
1020 3530 1108 3600 λόγου
1126 3535 1222 3600 φωνῆς
1238 3536 1354 3586 νοεῖται.

353 3608 388 3668 ιδ’
406 3608 485 3680 ὅπως
500 3617 553 3685 χρή
572 3613 764 3687 διερμηνεύειν
780 3615 831 3682 τήν
849 3611 1033 3684 εόαγγελικήν
1049 3615 1116 3685 περὶ
1132 3622 1184 3669 τοῦ
1201 3616 1289 3685 λόγου
1306 3614 1495 3669 διδασκαλίαν.

354 3694 387 3755 ιε’
405 3706 464 3753 τῶν
486 3696 574 3754 αότοῦ
592 3697 764 3770 Μαρκέλλου
788 3705 892 3768 φωνῶν
915 3697 1090 3770 παραθέσεις
1115 3693 1151 3752 δι’
1167 3690 1209 3753 ὧν
1227 3700 1339 3771 ἠρνεῖτο
1357 3698 1409 3753 τόν
1424 3692 1487 3753 υίόν
1506 3704 1558 3753 τοῦ
1574 3699 1643 3753 θεοῦ

406 3789 505 3853 σαφῶς
522 3783 703 3855 προφορικόν
720 3784 808 3853 λόγον
825 3784 875 3838 καί
892 3779 1057 3838 ἐνδιάθετον
1076 3780 1192 3852 φάσκων
1211 3776 1284 3839 εἶναι
1301 3779 1395 3839 αὐτόν.

348 3862 381 3931 ις’
399 3862 514 3937 ἔλεγχος
530 3873 580 3935 τῆς
596 3864 718 3938 τάνδρός
734 3868 911 3932 κακοδοξίας.

284 3948 318 4005 35
349 3946 383 4018 ιζ’
401 3946 536 4022 ἑρμηνεία
554 3962 603 4020 τῆς
620 3950 747 4020 ἀληθοῦς
764 3952 892 4015 διανοίας
908 3956 960 4005 τοῦ
976 3949 1071 4019 λόγου.

349 4030 385 4103 ιη’
404 4033 447 4089 διὰ
466 4037 493 4090 τί
510 4035 599 4106 λόγον
617 4032 768 4104 ὠνόμασεν
786 4036 837 4091 τόν
854 4030 915 4091 υἱόν
929 4032 945 4089 6
957 4030 1156 4105 εδογγελιστής
1173 4032 1333 4107 ἀρχόμενος
1350 4040 1399 4103 τῆς
1410 4030 1513 4091 ἑαυτοῦ
1526 4038 1642 4106 γραφῆς.

346 4113 387 4174 ιθ’
404 4114 482 4185 ὅπως
500 4118 670 4191 Μάρκελλος
694 4118 746 4185 τὰς
772 4122 838 4193 περί
864 4115 928 4183 ἑνός
948 4122 1020 4174 θεοῦ
1037 4124 1086 4187 τῆς
1105 4123 1229 4184 παλαιᾶς
1250 4120 1387 4189 διαθήκης
1410 4119 1524 4191 γραφὰς
1540 4136 1642 4189 μαρτν-

405 4204 528 4274 ρόμενος
545 4201 652 4273 δμοίως
668 4200 811 4270 Ἰουδαίοις
829 4201 881 4258 τδν
898 4200 960 4259 υίόν
978 4210 1029 4258 τοῦ
1047 4207 1117 4259 θεοῦ
1135 4203 1255 4276 ἠρνεῖτο.

422 4354 1045 4425 εωμπαυα-αωει

424 4499 1642 4575 ιωενμηπήαμηιααηημωηω

338 4603 409 4659 θεόν
429 4606 451 4657 V
483 4607 488 4673 Ι
521 4607 582 4662 28ῐ
605 4602 631 4675 η’
650 4625 675 4660 u.
693 4602 722 4661 θ’
739 4624 768 4660 m
785 4599 814 4661 θ’
838 4607 906 4660 είυίί
924 4603 950 4674 η’
967 4607 993 4659 V
