3698 5510
362 500 420 564 138
949 492 1081 548 Eusebius

360 652 534 737 άπιστίαν,
565 652 754 745 δεδήλωται
781 649 822 747 δι’
846 645 897 726 ῶν
927 661 1091 728 λέλεκται.
1134 652 1182 739 ῶς
1211 661 1246 727 δέ
1276 662 1331 727 καὶ
1362 653 1576 742 διαστρόφως
1604 655 1662 738 τάς

360 751 633 846 ὁμολογουμένας
668 763 724 825 καὶ
754 772 871 841 σαφεῖς
897 764 974 844 περὶ
1004 762 1067 827 τοῦ
1097 762 1252 845 σωτῆρος
1282 751 1380 846 ἡμῶν
1413 753 1663 845 παρηρμήνευεν

360 861 586 939 διδασκαλίας,
617 852 742 945 μάθοις
778 853 822 926 άν
846 863 901 928 καλ
929 860 964 943 ἐξ
993 858 1122 945 ἑτέρων
1150 862 1212 945 μὲν
1240 861 1413 928 πλείστων
1442 849 1533 927 ὅσων
1564 853 1663 928 αύτοῦ

360 952 558 1045 διηγήσεων,
586 952 673 1045 άτὰρ
696 956 736 1047 δή
758 965 814 1029 καὶ
836 963 873 1030 ἐκ
895 965 956 1045 τῆς
978 948 1091 1038 ούτως
1113 953 1260 1043 ἐχούσης.
1303 961 1341 1028 ἐν
1362 975 1436 1038 ταῖς
1459 961 1664 1044 Σολομῶνος

325 1070 342 1124 5
360 1062 559 1145 Παροιμίαις
581 1052 747 1144 εἰσάγεται
769 1052 790 1145 ή
812 1065 916 1144 σοφία
938 1052 1221 1145 αύτοπροσῶπως
1236 1062 1311 1143 περὶ
1327 1057 1448 1145 ἑαυτῆς
1463 1060 1572 1127 ταῦτα
1587 1060 1664 1141 διεξ-

361 1161 522 1245 ερχυμένη
548 1157 633 1244 νέγῶ
656 1152 677 1243 ἦ
699 1164 803 1243 σοφία
824 1154 1065 1247 κατεσκήνωσα
1087 1154 1224 1246 βουλήν,
1246 1163 1300 1226 καλ
1317 1162 1443 1245 γνῶσιν
1464 1160 1519 1226 καὶ
1536 1157 1694 1225 ἐννοιαν2

361 1255 428 1345 ἐγῶ
450 1252 711 1345 ἐπεκαλεσάμην.
756 1253 863 1343 φόβος
893 1264 1010 1345 κυρίου
1034 1275 1122 1345 μισεῖ
1140 1264 1274 1339 κακίαν,
1296 1247 1392 1342 ῦβριν
1414 1283 1450 1324 τε
1472 1261 1528 1325 καὶ
1549 1248 1665 1341 ῦπερη·

362 1362 489 1441 φανίαν
520 1361 576 1425 καί
608 1349 708 1437 ὁδούς
736 1363 914 1446 πονηρῶν·
950 1360 1088 1446 ἐμίσησα
1117 1361 1153 1426 δὲ
1183 1356 1249 1444 ἐγώ
1280 1357 1542 1444 διεστραμμένας
1572 1347 1666 1434 ὁδούς

360 1461 487 1525 κακῶν.
530 1453 591 1543 ἐμή
622 1452 728 1544 βουλὴ
758 1462 814 1526 καὶ
845 1452 1024 1543 ἀσφάλεια,
1056 1456 1122 1543 ἐγῶ
1154 1453 1297 1538 σύνεσις,
1328 1453 1390 1543 ἐμὴ
1421 1458 1457 1524 δὲ
1487 1449 1587 1541 ἰσχύς.
1627 1448 1697 1526 δί3

309 1572 344 1628 10
361 1558 442 1639 ἐμοῦ
463 1562 608 1638 βασιλεῖς
629 1552 874 1639 βασιλεύουσιν,
900 1561 956 1625 καὶ
983 1558 1016 1626 οἰ
1043 1551 1207 1627 δυνάσται
1234 1549 1419 1643 γράφουσιν
1441 1549 1667 1640 δικαιοσύνην·

361 1650 402 1725 δι’
426 1659 508 1745 ἐμοῦ
530 1658 725 1744 μεγιστᾶνες
751 1652 1012 1741 μεγαλύνονται,
1043 1661 1099 1725 καὶ
1129 1653 1292 1742 τύραννοι
1323 1648 1370 1724 δι’
1400 1657 1483 1742 ἐμοῦ
1514 1657 1668 1739 κρατοῦσι

361 1760 429 1843 γῆς.
465 1754 532 1842 ἐγώ
555 1753 637 1834 τούς
658 1758 714 1842 ἐμὲ
737 1759 924 1839 φιλοῦντας
946 1750 1079 1844 άγαπῶ,
1102 1757 1135 1825 ολ
1149 1760 1184 1824 δέ
1199 1757 1255 1843 ἐμὲ
1270 1758 1450 1843 ζητοῦντες
1465 1748 1668 1842 εῦρήσουσιν.

360 1858 513 1935 πλοῦτος
547 1861 603 1924 καὶ
630 1849 711 1940 δόξα
737 1880 794 1942 μοι
815 1848 971 1941 ύπάρχει,
1003 1860 1058 1924 καὶ
1088 1858 1204 1941 κτῆσις
1224 1858 1369 1924 πολλῶν
1389 1858 1445 1922 καὶ
1466 1849 1668 1940 δικαιοσύνη.

360 1958 499 2038 βέλτιον
520 1956 576 2041 ἐμὲ
597 1960 819 2039 καρπίζεσθαι
840 1948 925 2040 ῦπὲρ
945 1960 1083 2040 χρυσίον
1103 1960 1160 2022 καὶ
1182 1959 1285 2023 λίθον
1310 1958 1437 2040 τίμιον,
1469 1950 1515 2022 τὰ
1546 1956 1581 2022 δὲ
1611 1951 1698 2038 ἐμὰ4

311 2070 344 2123 15
361 2049 534 2141 γενήματα
547 2061 689 2143 κρείσσω
708 2049 868 2141 ύργυρίου
883 2056 1052 2123 ἐκλεκτοῦ.
1088 2056 1124 2123 ἐν
1140 2046 1231 2134 ὁδοῖς
1246 2049 1458 2140 δικαιοσύνης
1478 2057 1667 2138 περιπατῶ,

361 2160 417 2222 καὶ
440 2147 505 2222 άνά
527 2157 632 2241 μέσον
653 2146 747 2223 ύδῶν
769 2150 997 2241 δικαιῶματος
1018 2148 1280 2239 ἀναστρέφομαι,
1303 2154 1358 2222 ἰνα
1380 2158 1506 2240 μερίσω
1529 2169 1602 2232 τοῖς
1616 2152 1668 2236 ἐμὲ

363 2246 541 2339 άγαπῶσιν
571 2243 728 2339 ύπαρξιν,
760 2257 815 2321 καὶ
846 2252 928 2333 τούς
958 2249 1152 2341 θησαυρούς
1181 2246 1298 2323 αύτῶν
1329 2247 1490 2341 ἐμπλήσω
1524 2245 1671 2337 άγαθῶν.

363 2350 423 2421 ἐὰν
453 2346 643 2438 άναγγείλω
673 2346 751 2440 ύμῖν
782 2351 825 2422 τά
850 2347 930 2423 καθ’
957 2347 1083 2441 ἡμέραν
1104 2349 1299 2439 γιγνόμενα,
1330 2345 1555 2439 μνημονεύσω
1577 2346 1618 2419 τὰ
1639 2351 1672 2433 ἐξ

363 2452 490 2532 αἰῶνος
520 2447 713 2539 ἀριθμήσαι.
756 2447 871 2538 κύριος
902 2454 1033 2522 έκτισέν
1063 2478 1103 2539 με
1132 2447 1239 2540 ύρχήν
1269 2445 1362 2521 ὁδῶν
1391 2444 1499 2519 αύτοῦ
1527 2453 1575 2530 είς
1596 2449 1702 2536 ἐργαδ

311 2566 346 2622 20
364 2545 484 2635 αύτού,
515 2548 583 2639 πρὸ
611 2556 674 2620 τοῦ
700 2554 827 2631 αἰῶνος
849 2552 1074 2638 ἐθεμελίωσέν
1103 2579 1152 2640 με,
1183 2555 1220 2622 ἐν
1242 2546 1326 2638 ἀργῇ
1347 2546 1415 2635 πρὸ
1438 2553 1504 2619 τοῦ
1525 2546 1591 2636 τήν
1612 2552 1672 2636 γῆν

363 2655 515 2739 ποιήσαι,
546 2646 615 2738 πρό
642 2655 706 2720 τοῦ
737 2647 797 2731 τὰς
828 2644 990 2734 άβύσσους
1020 2654 1172 2739 ποιήσαι,
1203 2646 1271 2737 πρὸ
1303 2654 1365 2718 τοῦ
1394 2658 1586 2734 προελθεῖν
1615 2645 1672 2728 τὰς

362 2749 473 2839 πηγάς
496 2756 570 2820 τῶν
590 2744 738 2827 ύδάτων,
761 2745 828 2835 πρό
845 2753 907 2819 τοῦ
922 2740 984 2837 ύρη
1001 2750 1214 2839 ἑδρασθῆναι,
1237 2744 1304 2836 πρὸ
1328 2752 1362 2817 δε
1377 2743 1526 2819 πάντων
1541 2752 1672 2832 βουνῶν

364 2854 465 2940 γεννᾷ
487 2877 534 2935 με.
577 2845 693 2936 κύριος
714 2850 870 2937 ἐποίησεν
891 2847 1004 2937 χώρας
1025 2858 1081 2920 καὶ
1103 2844 1285 2939 άοικήτους
1304 2854 1361 2916 καὶ
1384 2844 1471 2934 ἄκρα
1495 2844 1673 2935 οἰκούμενα

364 2953 426 3036 τῆς
439 2943 495 3018 ῦπ’
519 2943 686 3036 ούρανῶν.
718 2952 722 3032 Ι
755 2942 856 3036 ἡνίκα
870 2943 1052 3037 ήτοίμαζεν
1067 2946 1131 3019 τόν
1149 2943 1306 3037 ούρανύν,
1329 2942 1558 3036 συμπαρήμην
1572 2942 1673 3034 αύτῷ,
1690 2959 1740 3016 149

311 3062 345 3118 26
365 3042 464 3134 ήνίκα
485 3042 658 3134 άφῶριζεν
680 3043 745 3118 τόν
767 3047 890 3117 ἑαυτοῦ
911 3043 1045 3133 θρόνον
1066 3043 1118 3119 ἐπ’
1142 3044 1286 3136 άνέμων.
1322 3042 1422 3135 ἡνίκα
1437 3045 1557 3134 ἰσχυρά
1572 3048 1674 3115 ἐποίει

363 3144 407 3216 τὰ
429 3144 503 3217 άνω
526 3152 625 3235 νέφη,
648 3154 704 3217 καὶ
727 3142 775 3229 ῶς
798 3141 959 3233 άσφαλεῖς
980 3149 1089 3218 ἐτίθει
1110 3146 1221 3238 πηγάς
1253 3145 1314 3228 τὰς
1340 3140 1397 3216 ύπ’
1425 3140 1591 3232 ούρανύν,
1621 3151 1675 3214 καὶ

363 3243 479 3333 ἰσχυρὰ
501 3249 607 3315 ἐποίει
629 3244 672 3316 τά
695 3250 836 3334 θεμέλια
857 3250 921 3333 τῆς
941 3251 1016 3333 γης,
1038 3241 1128 3333 ήμην
1149 3241 1228 3335 παρ’
1251 3241 1345 3334 αύτῷ
1370 3241 1579 3334 ἁρμόζουσα·
1610 3244 1674 3330 ίγῶ

362 3340 452 3434 ήμην
474 3337 494 3433 ᾖ
516 3350 737 3433 προσέχαιρον
758 3340 837 3417 καθ’
860 3341 998 3433 ἡμέραν·
1022 3341 1257 3435 ηὐφραινόμην
1272 3349 1359 3416 δὲέν
1374 3342 1555 3433 προσώπῳ
1572 3338 1675 3414 αύτοῦ

363 3448 400 3514 ἐν
422 3450 526 3513 παντὶ
556 3449 677 3532 καιρῷ·
715 3436 774 3514 ὅτε
805 3439 1013 3532 ηύφραίνετο
1045 3443 1109 3534 τήν
1139 3450 1340 3533 οἰκουμένην
1372 3449 1592 3527 συντελέσας,
1621 3448 1674 3512 καὶ

312 3560 346 3613 30
364 3538 492 3631 ηύφραί
493 3571 572 3613 νετο
594 3538 647 3629 ἐφ’
669 3546 755 3625 υἰοῖς
777 3538 1007 3631 άνθρῶπωνι

446 3648 679 3730 2ταῦταμέν
642 3645 738 3712 ἐν
752 3649 950 3731 Παροιμίαις
973 3648 1050 3731 περὶ
1076 3638 1243 3731 ἑαυτῆς(
1223 3672 1243 3731 η
1265 3650 1377 3730 σοφία.
1421 3637 1621 3716 όλαδέπί
1563 3646 1676 3729 ἐπίτη-
1707 3635 1802 3704 3210’3‘0

364 3746 418 3823 δες
451 3736 643 3843 άναγκαίως
672 3745 883 3830 παρεθέμην,
915 3738 1105 3825 δεικνύς
1077 3772 1192 3824 ωςν
1156 3743 1192 3814 ἐν
1221 3747 1314 3815 ἐστιν
1344 3749 1400 3817 76³
1420 3736 1615 3831 πρόσωπον
1637 3768 1676 3810 το
1663 3722 1813 3835 &unffi

365 3847 473 3911 ταῦτα
496 3845 605 3928 λέγον,
628 3834 784 3928 ούδεμιᾶς
805 3843 842 3910 ἐν
861 3848 912 3931 τῶ
934 3841 1061 3930 μεταξύ
1083 3848 1263 3932 γενομένης
1276 3848 1469 3931 μεταβολή,
1483 3870 1550 3912 του
1533 3846 1676 3928 λέγον
1702 3840 1806 3967 ὀξυηῖίί

364 3969 425 4022 τος
430 3945 630 4010 δείκνυται
652 3935 815 4008 τοίνυν(
795 3968 815 4027 η
837 3948 942 4025 σοφία
963 3948 1073 4012 ταῦτα
1094 3944 1205 4031 περὶ
1193 3947 1316 4031 εαυτῆς
1343 3939 1557 4013 διδάσκουσα
1601 3934 1676 4010 κάν-
1707 3917 1806 4036 mg}

312 4056 346 4110 35
364 4045 478 4109 ταῦθα
500 4045 536 4109 δὲ
550 4044 696 4126 πρῶτον
710 4040 980 4127 ἐπιτηρητέον
952 4070 1000 4121 ως
1015 4036 1198 4125 άπολύτως
1213 4049 1317 4129 σοφία
1333 4036 1545 4130 ῶνύμασται·
1571 4039 1673 4129 »ἐγῶι
1691 4040 1813 4185 &yffi

449 4204 542 4264 ι-ἐο
560 4206 641 4262 prov
658 4209 683 4273 ε,
703 4208 765 4261 12-
770 4210 854 4261 31—
872 4208 972 4264 εειαι
990 4211 1069 4266 prov
1087 4211 1213 4280 ακε-
1231 4210 1269 4268 σε
1287 4210 1368 4265 prov
1385 4210 1410 4274 ε
1429 4212 1462 4264 12
1691 4187 1813 4325 vggg‘fg‘

451 4348 750 4427 Ῑῶνίλήλεγκταιλί,
769 4374 837 4412 corr.
855 4358 901 4412 Mo
933 4362 938 4427 Ι
970 4357 1123 4431 θέγὼλί*
1142 4361 1216 4416 LXX
1234 4363 1267 4417 23
1285 4356 1338 4429 ἐμὴ
1358 4359 1396 4413 V²
1414 4360 1488 4414 Lxx
1520 4363 1526 4427 Ι
1560 4357 1676 4426 σύνεσις]
1709 4309 1803 4449 Hm.

364 4460 501 4532 φρόνησίς
527 4459 600 4514 LXX
633 4460 638 4526 ί
673 4458 710 4514 ¹²
737 4454 912 4529 εὖθίσθυσίνί
934 4459 1067 4532 ίλᾶθέἰ
1089 4463 1135 4517 fib
1154 4462 1180 4516 d·
1198 4464 1225 4517 Z·
1244 4462 1282 4515 V²
1313 4464 1319 4530 Ι
1351 4461 1390 4517 18
1407 4461 1593 4530 xtq'otccv‘,
1611 4475 1675 4514 oorr.
1692 4432 1814 4537 ληςίπίτίί

364 4562 404 4613 V2
435 4563 440 4629 1
472 4561 511 4615 ⁰4
539 4557 669 4631 οὐρανῶν
696 4559 747 4623 V*‚
776 4575 843 4613 corr,
863 4560 900 4612 V2
931 4564 935 4629 η
968 4563 1008 4618 26
1034 4563 1087 4629 τὰς
1112 4564 1137 4617 v
1168 4564 1240 4618 LXX
1262 4565 1312 4619 106
1338 4568 1389 4631 τῆς
1411 4563 1485 4617 LXX
1518 4564 1523 4631 Ι
1558 4563 1596 4618 81
1619 4560 1677 4616 hier
1692 4518 1770 4642 Ἥ
1761 4528 1803 4647 ὦ
1792 4527 1811 4561 ι

363 4680 388 4716 α.
406 4662 438 4717 R.
457 4682 474 4716 a
477 4653 527 4715 'V
554 4663 559 4729 Ι
592 4658 716 4716 mv&
735 4657 850 4717 αίτὰθ.
869 4664 925 4729 137,
944 4665 1110 4720 ὅταῦταλΥ
1704 4654 1800 4724 W
