3698 5510
326 476 365 541 72
913 471 1048 527 Eusebius

326 633 416 723 ζωήν
437 634 610 707 αίώνιονε.
646 638 848 705 πιστευτέον
868 640 955 724 δῆτα
970 631 1074 726 αύτῷ,
1096 632 1144 717 ώς
1166 633 1292 726 ἀντῆς
1314 638 1456 706 αἰωνίου
1476 631 1634 723 τύχοιμεν

326 740 424 823 ξωῆς,
471 728 525 805 ›5‹
550 733 612 824 γὰρ
642 731 850 805 ιπιστεύωνι
877 741 980 823 φησὶν
1012 738 1077 819 »είς
1108 731 1215 807 αῦτὸν
1244 737 1308 823 έχει
1339 733 1432 824 ζωήν
1456 733 1633 805 αίώνιονι·
1670 746 1686 800 λ

326 829 386 921 ούχ
417 828 436 905 5
467 834 649 922 γινώσκων
675 826 771 915 όπως
796 838 834 905 ἐκ
860 833 1075 923 τοῦπατρὸς
1097 840 1307 925 γεγέννηται,
1338 831 1379 905 ού
1404 833 1467 923 γὰρ
1494 832 1538 904 ἄν
1564 860 1635 905 τινι

325 938 432 1022 μετῆν
451 939 541 1024 ’ζωῆς
563 935 721 1018 αἰωνίου,
753 937 782 1004 εί
809 932 849 1024 δή
872 931 967 1006 τοῦτ’
990 939 1119 1025 είρηται
1146 928 1201 1008 ότι
1226 940 1356 1024 »μηδεὶς
1377 936 1465 1024 ἔγνω
1488 931 1552 1004 τόν
1572 960 1634 1003 πα-

290 1046 307 1099 5
325 1039 406 1120 τέρα
428 1035 457 1102 εί
478 1032 522 1123 μὴ
545 1028 564 1104 5
586 1029 668 1116 υἱός,
689 1038 773 1122 μηδὲ
795 1031 860 1104 τόν
880 1030 956 1105 υίόν
978 1064 1030 1116 τις
1051 1036 1138 1124 ἔγνω
1161 1040 1190 1104 εί
1211 1034 1274 1124 μή(
1302 1031 1409 1123 μόνος
1430 1027 1449 1104 5
1471 1030 1635 1122 γεννήσας

326 1129 433 1204 αύτόν
458 1130 619 1255 »πατήρα
662 1128 808 1222 ἀπαρκεῖ
827 1140 1010 1223 τοιγαροῦν
1031 1130 1109 1223 ῆμῑν
1136 1130 1157 1223 5‘
1183 1141 1297 1217 πίστις
1325 1139 1381 1207 52*
1409 1130 1497 1221 πρός
1527 1157 1634 1251 σωτή-

325 1240 416 1319 ρίαν,
450 1226 471 1321 5
501 1229 587 1302 θεόν
613 1238 744 1319 πατέρα
770 1229 1039 1322 παντοκράτορα
1064 1240 1257 1322 παρέχουσα
1278 1232 1471 1323 γινώσκειν,
1492 1238 1548 1302 καί
1570 1229 1635 1303 τόν

324 1337 494 1421 μονογενῆ
516 1327 622 1403 αύτοῦ
643 1332 719 1403 υἱὸν
741 1328 987 1421 ἐπιγράφεσθαι
1014 1339 1165 1424 σωτῆρα,
1188 1327 1226 1415 ός
1252 1333 1293 1423 δή
1315 1332 1401 1422 πρὸς
1424 1349 1496 1414 τοῖς
1518 1329 1635 1412 ἀλλοις

323 1441 380 1502 καὶ
407 1427 507 1502 ταῦθ
536 1423 602 1503 ωδε
631 1436 815 1518 παρεδίδου
844 1438 955 1522 λέγων
988 1433 1047 1505 »τό
1078 1440 1322 1553 γεγεννημένον
1351 1436 1388 1503 ἐκ
1418 1436 1480 1520 τῆς
1510 1428 1635 1518 σαρκός

273 1541 307 1595 10
324 1527 453 1619 σόρξέ
455 1554 544 1615 στιν,
573 1538 629 1603 καὶ
660 1531 702 1603 τό
730 1538 973 1622 γεγεννημένον
998 1535 1035 1604 έκ
1061 1539 1124 1605 τοῦ
1144 1530 1338 1622 πνεύματος
1359 1537 1491 1619 πνεῦμα
1481 1528 1635 1602 ’.έστινι

327 1636 494 1720 »πνεῦμαι
519 1636 555 1702 δὲ
580 1625 617 1701 »5
639 1629 750 1712 θεόςι.
786 1630 838 1703 διὸ
861 1631 978 1704 ἕπεται
1000 1651 1100 1717 νοεῖν,
1123 1629 1172 1715 ώς
1192 1638 1248 1703 καὶ
1269 1631 1311 1703 τὸ
1333 1636 1575 1721 γεγεννημένον
1596 1633 1634 1701 kx
1669 1637 1689 1693 8

323 1722 388 1801 τοῦ
408 1736 494 1802 θεοῦ
515 1727 598 1813 θεός
620 1726 743 1819 ἀνείη.
788 1724 859 1820 όσῳ
881 1736 917 1801 δέ
938 1737 1001 1821 τῆς
1022 1732 1171 1821 γεώδους
1193 1731 1316 1819 σαρκός
1343 1726 1361 1802 ό
1381 1736 1536 1802 ἐπέκεινα
1558 1735 1634 1800 τών

324 1823 419 1902 όλων
440 1827 522 1913 θεὸς
543 1825 825 1918 ἀπηλλοτρίωται
846 1838 902 1902 καὶ
924 1825 1173 1919 ἀπεσχοίνισται
1197 1839 1238 1920 τῆ
1261 1829 1367 1918 φύσει,
1389 1828 1546 1919 τοσούτῳ
1569 1827 1634 1919 χρὴ

324 1949 417 2001 νοεῖν
438 1936 493 2001 καὶ
516 1934 577 2019 τῆς
603 1936 677 2000 τών
707 1938 845 2017 σαρκοῦν
871 1935 1030 2020 γενέσεως
1061 1924 1367 2020 ἀπηλλοτριῶσθαι
1397 1928 1460 2001 τόν
1490 1926 1633 2017 τρόπον,

273 2039 306 2093 15
322 2026 408 2100 καθ
440 2023 480 2100 όν
511 2023 530 2100 5
563 2028 678 2119 πατὴρ
708 2033 827 2119 ἐγέννα
858 2029 922 2102 τὸν
947 2028 1031 2102 υἱόν.
1062 2038 1068 2114 Ι
1101 2026 1142 2102 ού
1172 2027 1234 2120 γάρ
1264 2058 1298 2099 τι
1327 2035 1527 2118 προίεμένος
1557 2024 1633 2102 οὔδ’
1654 2038 1696 2095 73

324 2323 516 2417 ἀπόρροιαν
543 2323 566 2415 5
592 2323 774 2417 μείωσιν
760 2323 782 2449 5
809 2332 946 2401 ἔκτασιν
975 2323 997 2418 5
1022 2225 1257 2419 μέταβολὴν
1243 2357 1263 2418 η
1287 2355 1423 2418 τροπην
1452 2356 1473 2417 5
1456 2322 1635 2416 ῥοην
1611 2355 1633 2416 5

323 2422 475 2514 μέρος
453 2454 474 2516 5
507 2422 621 2508 πόθος
651 2420 703 2496 ἐπ’
734 2423 829 2517 αύτῷ
861 2434 1068 2516 λογίσασθαι
1110 2424 1308 2501 τούτωνδ’
1335 2423 1477 2511 έιιτόςε
1456 2424 1634 2510 απάντων,

272 2525 344 2588 2⁰”
323 2553 475 2616 αρρητον
505 2521 586 2615 ῆμῑν
615 2532 670 2596 καλ
708 2521 982 2616 ἀνεπιλόγιστον,
1017 2533 1148 2616 μᾶλλον
1180 2534 1216 2599 δὲ
1246 2525 1338 2616 πόση
1374 2534 1500 2617 γενητῆ
1535 2525 1635 2615 φύσει

322 2622 587 2715 ἀνεξερεύνητον
616 2631 671 2696 καὶ
703 2620 958 2714 ἀνεξιχνίαστον
988 2626 1053 2718 τήν
1079 2635 1329 2719 γενεσιουργίαν
1350 2624 1486 2717 ῦφίστη
1528 2633 1633 2718 γεννᾷ

321 2729 383 2815 μὲν
404 2717 544 2798 οὖνκαὶ
571 2720 666 2813 ήλιος
695 2724 760 2815 τήν
791 2721 912 2817 αύγήν,
942 2733 1141 2815 λέγεταιδε
1171 2722 1277 2798 naz‘
1258 2756 1277 2798 ο
1308 2725 1380 2807 υίὸς
1412 2722 1634 2815 »ἀπαύγασμα

322 2821 441 2912 φωτός
455 2819 582 2895 ἀιδίου(
600 2831 655 2895 καὶ
673 2821 891 2915 »ἀπαύγασμα
906 2854 967 2945 τῆς
982 2824 1112 2915 δόξηςι,
1136 2822 1177 2897 05
1189 2825 1257 2916 μήν
1271 2824 1360 2898 κατὰ
1376 2826 1441 2915 τήν
1462 2823 1633 2915 αἰσθητήν

322 2929 386 2995 τοῦ
413 2921 531 3009 φωτός
558 2920 686 2994 εἰκόνα·
730 2927 885 2996 ἐπέκεινα
915 2925 978 3014 γὰρ
1008 2923 1140 3009 παντός
1168 2931 1441 3016 παραδείγματος
1471 2922 1634 3015 ἀρρήτοις

270 3028 305 3083 25
323 3019 431 3094 αύτόν
450 3031 508 3095 καὶ
529 3017 785 3112 ἀκαταλήπτοις
801 3020 917 3112 λόγοις
937 3021 1072 3114 ῦφίστη,
1095 3032 1149 3096 καί
1164 3031 1294 3097 τοῦτον
1309 3027 1367 3097 ἕνα
1381 3032 1438 3096 καὶ
1452 3029 1632 3115 μονογενῆ.

322 3128 495 3207 δυσσεβών
516 3128 552 3193 δὲ
573 3130 630 3192 καί
651 3118 770 3194 ἀθέων
796 3119 934 3209 ἀνδρῶν
964 3131 1038 3197 τών
1069 3122 1133 3214 τήν
1162 3123 1342 3197 πολύθεον
1371 3120 1508 3214 πλάνην
1537 3151 1633 3197 νενο-
1650 3130 1689 3185 10

322 3218 482 3311 σηκότων
511 3217 773 3310 ἀποπεφρύχθω
808 3228 878 3295 πᾶν
907 3221 1028 3313 στόμα,
1066 3227 1101 3295 οἳ
1129 3231 1193 3296 τοῦ
1224 3229 1432 3314 μονογενοῦς
1461 3224 1537 3296 οίοῦ
1566 3221 1633 3312 τὴν

322 3326 496 3408 ἐξαίρετον
516 3329 574 3393 καὶ
596 3319 789 3408 ίδιάζοοσαν
809 3330 965 3412 γέννησιν
986 3328 1032 3405 είς
1054 3328 1191 3412 πλῆθος
1215 3319 1470 3409 καταβαλόντες
1499 3327 1633 3409 πατέρα

325 3416 481 3507 »ἀνδρῶν
502 3449 539 3492 τε
562 3428 658 3493 θεῶν
678 3450 735 3493 τε(
760 3416 983 3512 ἀνειρήκασιν,
1006 3416 1092 3510 όμοῦ
1112 3428 1174 3512 μὲν
1195 3422 1321 3512 ἀνδρας
1348 3431 1506 3512 μίξαντες
1527 3432 1631 3504 θεοῖς,

270 3520 305 3577 ³0
323 3514 410 3608 όμοῦ
431 3525 467 3592 δὲ
489 3517 627 3603 τούτοις
658 3516 793 3610 όμοφυᾶ
818 3525 873 3590 καί
900 3520 964 3593 τόν
991 3516 1097 3592 αύτόν
1123 3519 1351 3612 εἰσηγούμενοι
1373 3526 1513 3610 πατέρα.
1557 3516 1632 3593 ἀλλ’

323 3621 393 3691 οίδε
413 3625 474 3705 μὲν
495 3623 643 3712 ἐνεργείᾳ
666 3626 844 3709 δαιμονικῆ
866 3620 908 3693 τό
930 3626 1089 3706 δυσσεβὲς
1105 3628 1202 3692 τουτὶ
1223 3629 1281 3692 καλ
1302 3620 1410 3693 ἄθεον
1429 3617 1633 3710 προήκαντο

322 3718 424 3807 ῥῆμα,
453 3723 502 3806 τῷ
531 3725 654 3808 θνητῷ
682 3726 737 3790 καὶ
758 3726 942 3809 παθητικῷ
964 3725 1020 3791 καὶ
1042 3715 1261 3810 ἀμαρτητικῷ
1288 3727 1376 3808 γένει
1398 3726 1473 3792 τών
1495 3715 1635 3809 ἀνθρώ·

321 3846 401 3888 πων
424 3812 586 3907 όμοφυεῑς
606 3825 663 3888 καὶ
685 3812 875 3905 ὁμοπαθεῖς
897 3819 1002 3902 θεούς
1026 3824 1082 3890 καί
1108 3818 1172 3891 τόν
1198 3817 1337 3892 τούτων
1363 3817 1483 3892 κοινόν
1504 3816 1634 3891 ἀποθέ-

320 3945 419 4007 μενοι
439 3923 571 4007 πατέρα
592 3913 735 4000 πάντως
755 3945 825 3989 που
846 3935 920 3999 τοῖς
941 3924 1056 3989 παισὶν
1077 3924 1386 4008 παρωμοιωμένον
1417 3948 1437 3990 ο
1427 3913 1494 3988 Ηδ
1516 3921 1635 4008 έκκλη·

269 4016 304 4071 35
321 4014 493 4099 σιαστικός
522 4017 669 4139 κῆρυξ
657 4014 733 4099 ενὸς
763 4023 847 4087 θεοῦ
880 4018 938 4088 &va
967 4022 1134 4106 μονογενῆ
1164 4017 1241 4088 υίόν
1271 4036 1344 4101 τοῖς
1373 4023 1479 4090 πᾶσιν
1509 4013 1634 4105 ἀνακη·

321 4114 450 4203 ρύττει,
481 4109 523 4187 όν
543 4111 628 4204 ύπερ
651 4120 712 4204 τῆς
739 4122 812 4186 τῶν
830 4123 989 4206 γενητών
1016 4110 1184 4185 ἀπόντων
1209 4123 1380 4204 σωτηρίας
1411 4123 1526 4188 τεκαὶ
1549 4143 1634 4206 προ-

321 4223 417 4297 νοίας
438 4210 572 4304 ύφίστη.

408 4386 425 4440 2
445 4383 507 4438 Joh.
525 4386 550 4450 3,
568 4386 652 4440 36-
670 4386 689 4440 4
708 4384 807 4438 Matth.
826 4386 908 4447 11,27
926 4414 960 4422 -
977 4385 996 4439 θ
1015 4383 1136 4453 Job.3,6
1154 4413 1189 4424 —
1207 4384 1244 4438 11
1264 4384 1400 4451 ίοίι.4,24
1418 4414 1451 4424 -
1469 4385 1508 4440 22
1527 4382 1634 4439 Weish.

318 4484 375 4539 Sal.
395 4487 419 4548 7.
436 4485 470 4541 26
487 4515 521 4524 -
539 4485 578 4540 22
597 4484 679 4539 Hebr.
699 4487 722 4552 1,
740 4486 756 4538 3
774 4514 807 4522 -
826 4485 862 4540 27
884 4485 961 4539 Ram.
980 4488 1004 4550 3,
1023 4486 1056 4538 19
1073 4513 1107 4524 -
1125 4484 1186 4541 281
1200 4484 1303 4539 Homer
1320 4486 1345 4539 A
1363 4488 1414 4541 544
1431 4503 1458 4541 u.
1478 4492 1503 4541 δ.

407 4633 470 4702 455
481 4633 557 4702 (oder
565 4634 608 4703 γε)
618 4633 655 4688 ΚΙ
671 4633 735 4690 obv
750 4635 755 4702 Ι
770 4635 788 4688 ίί
806 4634 983 4705 σωτηρίανια
993 4635 1168 4705 σωτήριονλί
1185 4636 1190 4701 Ι
1210 4634 1249 4690 28
1259 4632 1443 4702 ἀιδιοίζουσαν
1454 4636 1504 4703 V*‚
1514 4652 1583 4690 corr.
1595 4636 1636 4689 V²
