3698 5510
615 478 649 532 (1ο
666 476 851 533 ευυίεείεείίοο
867 476 1010 547 theologia
1027 477 1040 529 Ι
1057 479 1133 531 3-7.
1477 485 1516 545 65

207 649 387 731 παρθένου
400 650 457 714 καὶ
472 641 535 715 τόν
550 638 774 731 ἒνοικήσαντα
795 638 912 730 τούτῳ
933 637 1009 711 υἰὸν
1031 648 1093 712 τοῦ
1114 646 1200 712 θεοῦ
1221 636 1377 727 προόντα
1395 644 1450 712 50³
1462 645 1518 707 καὶ

208 739 428 826 οῦσιωδῶς“
407 749 593 829 υφεστιῦτα
613 748 668 813 καί
691 741 754 814 τόν
777 739 906 813 τούτου
928 746 1058 830 πατέρα
1080 738 1174 824 θεόν,
1197 735 1255 827 ἀφ’
1279 730 1319 811 05
1338 746 1394 809 καί
1416 734 1519 820 αῦτὸς

209 839 426 915 ἀπεστάλθαι
453 847 598 930 συνεχῶς
625 836 791 929 ὁμολογεῖ.
837 836 950 929 »ήμίνι
985 847 1105 911 τοίνυν
1138 838 1202 923 »εἰς
1232 837 1315 922 θεὸς
1345 833 1364 910 5
1394 835 1518 928 πατήρ,

208 948 245 1030 ἐξ
268 935 309 1014 οῦ
330 941 373 1014 τά
394 938 527 1014 πάντα(
560 942 647 1012 κατά
669 938 732 1013 τόν
754 935 951 1013 ἀπόστολον
986 947 1058 1011 »καί
1086 938 1133 1024 είς
1158 939 1273 1029 κύριος
1293 934 1416 1029 Ἰησοῦς
1437 943 1517 1025 Χρι-

166 1056 187 1108 5
208 1038 301 1127 στός,
324 1038 364 1113 δι’
390 1033 431 1115 05
454 1039 496 1112 τά
517 1037 662 1125 πάνται,
686 1036 705 1111 5
728 1041 851 1130 προσόν
873 1045 936 1111 τοῦ
957 1045 1044 1111 θεοῦ
1064 1038 1252 1129 μονογενής
1273 1034 1354 1121 υίός,
1376 1043 1432 1108 καὶ
1448 1044 1518 1126 τρί-

208 1171 271 1225 τος
293 1137 312 1213 5
333 1141 422 1214 κατά
444 1138 550 1229 σάρκα
570 1138 643 1222 νίός
664 1137 864 1228 ἀνθρώπου,
887 1133 929 1212 όν
950 1135 992 1211 δι’
1015 1136 1100 1229 ἡμᾶς
1121 1136 1305 1230 ἀνείληφεν
1327 1133 1347 1209 5
1368 1135 1441 1221 υίὸς
1456 1142 1519 1208 τοῦ

207 1248 304 1314 θεοῦ.
330 1237 407 1313 ἀλλ’
422 1233 500 1312 οῦτε
517 1234 535 1312 5
552 1234 736 1328 ἀνείληφεν
750 1245 847 1329 σῶμα
861 1237 990 1311 ταάτόν
1004 1230 1048 1327 ῆν
1070 1245 1120 1329 τῷ
1144 1235 1346 1329 ἀνειληφότι
1368 1241 1433 1327 υίῷ
1456 1242 1520 1308 τοῦ
1551 1251 1568 1305 2

208 1347 309 1426 θεοῦ,
337 1333 417 1414 οῦτε
438 1337 542 1423 αῦτὸς
564 1335 583 1410 5
605 1339 677 1422 υίὸς
699 1346 762 1412 τοῦ
783 1345 869 1412 θεοῦ
891 1340 937 1422 εἰς
958 1346 1014 1410 καί
1037 1334 1056 1411 ό
1078 1335 1182 1422 αῦτὸς
1204 1335 1246 1408 ἀν
1267 1345 1444 1427 νομισθείη
1467 1344 1517 1426 τῷ

208 1439 437 1531 γεγεννηκότι.
479 1445 586 1528 τριῶν
617 1438 657 1528 δὴ
685 1437 825 1511 τούτων
854 1435 1104 1528 ἀποκειμένων,
1136 1442 1168 1511 οί
1199 1437 1259 1511 δύο
1291 1433 1442 1520 διδόντες
1477 1436 1518 1509 τό

149 1552 190 1606 10
208 1549 331 1628 τρίτον
353 1537 386 1611 δ’
409 1539 569 1611 ἐκποδών
589 1537 789 1628 ποιούμενοι
811 1544 872 1628 τῆς
893 1545 1070 1629 ἐκκλησίας
1092 1541 1159 1610 εἶεν
1180 1537 1223 1610 ἀν
1246 1533 1443 1628 ἀπόβλητοι

294 1637 402 1730 ίτήν
422 1646 484 1729 μὲν
504 1638 545 1728 δή
567 1636 674 1727 σάρκα
696 1645 759 1710 τοῦ
780 1645 935 1729 σωτῆρος
964 1638 1064 1711 ἀθεσί
1094 1666 1183 1720 τινες
1214 1645 1287 1709 τῶν
1309 1633 1520 1755 ετεροδόξων
1559 1640 1638 1712 ὅπως
1655 1642 1685 1702 σί

207 1737 515 1830 παραιτησάμενοι,
546 1735 627 1828 δόξη
649 1742 687 1809 δέ
709 1766 777 1809 τινι
799 1746 987 1825 φαντασίας
1010 1730 1131 1826 ὦφθαι
1154 1734 1261 1810 αῦτὸν
1287 1740 1343 1807 ἐπὶ
1369 1742 1430 1826 τῆς
1461 1742 1521 1826 γῆς
1539 1708 1704 1854 ἑέιὶίέήὲξῗ

208 1836 395 1930 εἰρηκότες,
426 1845 563 1929 πρῶτοι
593 1845 657 1909 τοῦ
686 1845 749 1929 τῆς
775 1834 938 1928 ἀληθείας
963 1845 1095 1910 σκοποῦ
1116 1835 1388 1927 διημαρτήκασιν.
1431 1840 1462 1907 οί
1485 1842 1520 1907 δὲ
1554 1858 1603 1917 της
1620 1850 1688 1920 περί

208 1940 277 2030 τήν
299 1942 464 2028 ἔνσαρκον
486 1945 685 2028 οἰκονομίαν
706 1944 1002 2028 παραδεδεγμένοι,
1029 1938 1093 2010 τὸν
1115 1944 1151 2009 δὲ
1172 1935 1327 2027 προόντα
1351 1942 1414 2008 τοῦ
1436 1940 1521 2006 θεοῦ
1542 1913 1696 2050 Jffivffl

150 2054 189 2106 15
208 2036 330 2113 υίὸν’
309 2036 548 2129 ἀρνησάμενοι,
579 2034 787 2121 ποικίλας(
758 2067 806 2119 ως
828 2040 915 2126 ἔφην
937 2040 1070 2121 ἑαυτοῖς
1092 2034 1229 2119 ἀνοδίας
1250 2031 1451 2123 ἐπενόησαν
1488 2038 1520 2106 σί
1549 2002 1694 2109 5555&-

208 2147 272 2229 μὲν
294 2137 398 2229 φιλόν
420 2137 612 2229 ἄνθρωπον
633 2143 695 2227 τῆς
714 2142 832 2226 κοινῆς
853 2132 1021 2210 ἀπάντων
1042 2135 1175 2225 φύσεως
1194 2164 1259 2206 κατ
1260 2130 1391 2207 ὀὐδὲν
1412 2140 1519 2221 κρείτ·
1575 2137 1665 2176 mm·

209 2235 341 2328 τοναῆ
364 2232 446 2311 ὅσον
470 2233 591 2356 ἀρετῆς
611 2235 863 2328 προτερήμασιν
885 2244 1058 2327 γεγονέναι
1080 2233 1187 2310 αῦτὸν
1215 2232 1400 2324 εἰρηκότες,
1430 2236 1463 2304 οἰ
1485 2229 1518 2303 δ’

210 2335 318 2410 αῦτὸν
339 2342 509 2427 ἐνοικῆσαι
531 2336 595 2408 τὸν
616 2344 691 2408 τῶν
712 2331 808 2410 όλων
829 2337 916 2410 θεόν
938 2343 989 2426 τῷ
1012 2337 1143 2427 σώματι
1165 2341 1429 2425 δογματίσαντες
1443 2330 1520 2404 υἰόν

209 2466 250 2509 τε
271 2434 378 2510 αῦτὸν
399 2438 525 2509 ἑαυτοῦ
545 2446 745 2528 χρηματίσαι
776 2433 903 2525 φάντες
933 2433 1016 2508 δι’
1002 2434 1046 2525 ήν
1074 2433 1252 2524 ῦπέμεινεν
1272 2433 1361 2505 κατά
1383 2432 1518 2520 ἀνθρω-

152 2551 192 2607 20
209 2566 280 2609 πον
295 2543 501 2628 οἰκονομίαν.
536 2536 598 2609 δύο
620 2533 773 2619 διδόντες
788 2529 895 2621 οῦτοι,
917 2535 1002 2608 θεὸν
1017 2544 1072 2607 καὶ
1095 2534 1296 2622 ἄνθρωπον,
1320 2540 1384 2605 τοῦ
1398 2540 1518 2621 τρίτου

210 2636 301 2724 σφάς
323 2632 446 2720 αῦτοῦς
467 2642 660 2726 ἐστέρησαν,
692 2632 798 2708 αὐτόν
828 2635 892 2708 τὸν
912 2642 1052 2727 σωτῆρα
1074 2632 1137 2706 τόν
1157 2640 1326 2722 μονογενῆ
1349 2639 1411 2706 τοῦ
1432 2639 1518 2704 θεοῦ

209 2735 288 2807 υἱόν
308 2733 541 2827 ἀρνησάμενοι.
562 2742 566 2824 Ι
584 2734 724 2809 τούτων
745 2734 850 2809 πάλαι
872 2743 933 2826 μὲν
954 2740 1142 2821 Σαβέλλιος
1165 2740 1238 2804 νυνὶ
1261 2739 1296 2804 δὲ
1319 2729 1518 2822 Μάρκελλος
1552 2735 1632 2805 2165

210 2843 254 2924 τῆ
277 2837 393 2925 γνιόμή
415 2843 689 2925 συναπαχθέντες
710 2834 856 2924 τὸνμὲν
885 2839 940 2907 ἐπὶ
969 2835 1115 2907 πάντων
1138 2831 1223 2904 θεὸν
1245 2829 1417 2905 Ἰουδαίων
1445 2850 1518 2913 τοῖς

210 2930 367 3019 ἀπίστοις
390 2930 517 3024 ὁμοίως
538 2927 575 3007 εῦ
597 2932 685 3025 μάλα
708 2940 831 3007 εἰδέναι
862 2941 1121 3024 διισχυρίζοντο,
1151 2940 1207 3004 καί
1241 2932 1316 3021 <τὸ>
1347 2930 1516 3021 δεῦτερον,

153 3048 192 3103 25
210 3034 276 3123 τήν
298 3032 404 3121 σάρκα
425 3033 491 3123 τήν
511 3039 550 3106 ἐκ
571 3042 633 3125 τῆς
654 3031 750 3125 άγίας
770 3041 957 3125 παρθένου,
979 3031 1313 3123 συνωμολογήκασιν·
1341 3031 1382 3103 τὸ
1397 3038 1433 3103 δὲ
1448 3039 1517 3120 τρί-

210 3161 285 3217 τον,
308 3130 391 3205 αῦτὸ
414 3133 455 3205 τὸ
477 3131 666 3222 κεφάλαιον
688 3140 749 3224 τῆς
771 3131 936 3207 ἁπάντων
951 3131 1049 3224 ήμῶν
1070 3141 1249 3223 σωτηρίας,
1273 3131 1336 3204 τὸν
1357 3131 1433 3204 υἰὸν
1454 3138 1517 3204 τοῦ

208 3239 296 3305 θεοῦ
315 3232 669 3324 παραγκωνισάμενοι,
701 3240 777 3321 φῶς
800 3228 884 3305 ὄντα
905 3240 961 3305 καί
984 3229 1163 3323 ἀλήθειαν,
1195 3227 1281 3320 ὁμοῦ
1311 3239 1354 3321 τῆ
1380 3230 1517 3321 ἀρνήσει

209 3340 274 3405 τοῦ
294 3336 370 3404 υἰοῦ
389 3341 445 3404 καί
467 3341 530 3405 τοῦ
552 3340 613 3424 τῆς
627 3331 790 3422 ἀληθείας
805 3332 923 3421 φωτός
945 3334 1211 3405 έκπεπτεόκασιν.
1254 3332 1356 3402 ἔνθεν
1378 3332 1436 3400 ἕνα
1454 3338 1515 3417 μὲν
1550 3343 1567 3397 3

208 3431 296 3503 θεόν
318 3426 584 3522 ὁμολογούντων
607 3431 722 3505 αῦττῦν
744 3431 878 3506 ἀκούσει
899 3442 956 3505 καί
977 3433 1043 3522 τὴν
1069 3428 1175 3520 σάρκα
1206 3434 1240 3502 δὲ
1270 3436 1334 3501 τοῦ
1363 3436 1517 3519 σωτῆρος

153 3547 192 3601 30
209 3531 407 3622 τιμώντων·
443 3530 562 3606 τόνδ
585 3532 807 3624 ένοικήσαντα
829 3542 872 3623 τῆ
894 3540 989 3622 σαρκί
1020 3538 1105 3605 θεοῦ
1135 3530 1210 3602 υίὸν
1241 3536 1340 3618 φωνή
1367 3535 1432 3649 μὲν
1461 3535 1516 3599 καί

206 3640 353 3721 χείλεσιν
382 3638 684 3722 παραδεχομένων,
716 3637 804 3724 ἔργῳ
835 3639 870 3705 δὲ
900 3637 1191 3723 παραιτουμένων.
1233 3633 1310 3700 υἱὸν
1339 3627 1402 3717 γάρ
1432 3634 1517 3700 θεοῦ

205 3737 293 3820 χρῆν
316 3742 442 3818 ζητεῖν,
465 3729 606 3820 ἀληθῶς
628 3742 742 3820 ζῶντα
762 3730 860 3804 καί(
830 3741 1037 3856 υφεστιῦτα
1060 3724 1138 3803 οὔτε
1161 3729 1225 3801 τόν
1247 3726 1354 3800 αὐτὸν
1376 3720 1405 3817 ᾧ
1428 3724 1515 3799 ἀνεί-

207 3843 330 3950 ληφεν
340 3823 425 3902 ὄντα
447 3832 588 3920 σώματι,
612 3826 689 3904 οῦτε
713 3831 776 3904 τόν
799 3829 906 3905 αὐτὸν
927 3827 1013 3904 όντα
1037 3838 1086 3921 τῷ
1108 3837 1182 3920 θεῷ
1204 3836 1260 3900 καὶ
1281 3836 1394 3916 πατρί.
1437 3820 1516 3900 οὔτε

208 3931 272 4020 γάρ
294 3928 357 4002 τόν
382 3934 536 4004 έπέκεινα
567 3939 641 4004 τῶν
672 3926 765 4004 όλων
795 3931 882 4003 θεὸν
910 3930 1036 4004 υἱὸν
1015 3960 1059 4001 αν
1089 3959 1140 4012 τις
1172 3930 1280 4000 εἰπεόν
1310 3924 1516 4017 εῦσεβήσειεν

153 4043 189 4098 35
208 4038 316 4116 (τίνος
338 4029 400 4119 γάρ
422 4031 515 4102 ἔσται
536 4026 650 4114 υίὸς
632 4062 650 4102 ο
675 4030 738 4121 τήν
760 4032 909 4120 άναρχον
939 4038 996 4102 καὶ
1025 4025 1213 4118 ἀγέννητον
1244 4023 1396 4116 θεότητα
1425 4054 1515 4115 περι·

207 4137 452 4220 βεβλημένος),
483 4126 563 4201 οῦτε
595 4129 660 4202 τὸν
689 4138 857 4221 μονογενῆ
888 4138 951 4203 τοῦ
981 4136 1067 4202 θεοῦ
1095 4128 1172 4200 υἰόν
1203 4124 1310 4199 αὐτόν
1335 4128 1421 4197 είναι
1452 4124 1515 4198 τόν

207 4235 341 4318 πατέρα
363 4259 415 4312 τις
436 4231 544 4303 εἰπάν
567 4229 813 4320 <δια>δράσεται
834 4229 899 4320 τήν
920 4228 1008 4301 κατά
1031 4236 1105 4300 τῶν
1127 4225 1312 4317 δυσφήμων
1334 4232 1439 4316 δίκην.

294 4400 313 4455 θ
331 4400 344 4453 1
362 4399 426 4455 Kor.
444 4402 469 4467 8,
487 4402 504 4455 6
525 4429 558 4439 -
586 4400 623 4456 15
642 4401 697 4471 vgl.
717 4401 742 4456 S.
761 4402 802 4467 63,
820 4403 852 4456 31

294 4548 530 4619 18μὲνΚ1δ1ἰ
558 4552 563 4619 Ι
590 4543 931 4608 θθθεονίίίιοειίΖθ1
957 4552 961 4619 Ι
990 4544 1135 4607 2410111
1161 4549 1166 4616 1
1193 4548 1229 4603 81
1249 4546 1514 4620 yotossberclffi¹

207 4653 211 4720 Ι
244 4653 284 4782 θξ
309 4653 364 4782 ²55
381 4654 440 4783 mlv}
436 4652 507 4721 ,84
529 4650 644 4725 εὐσεβὴς
661 4647 769 4716 εἷενθ,
796 4670 864 4709 corr.
883 4653 935 4707 We
961 4654 966 4722 Ι
991 4652 1026 4708 θί
1054 4649 1233 4723 διαδράσεται
1250 4650 1287 4703 Kl
1304 4648 1360 4719 vgl
1378 4649 1405 4704 8.
1421 4650 1463 4716 85,
1481 4651 1514 4705 23

284 4750 327 4783 m
355 4749 383 4782 u!
1283 4752 1299 4790 0
