<?xml version="1.0" encoding="UTF-8"?>
<!DOCTYPE html PUBLIC "-//W3C//DTD XHTML 1.0 Transitional//EN"
    "http://www.w3.org/TR/xhtml1/DTD/xhtml1-transitional.dtd">
<html xmlns="http://www.w3.org/1999/xhtml" xml:lang="en" lang="en">
 <head>
  <title>
</title>
<meta http-equiv="Content-Type" content="text/html;charset=utf-8" />
  <meta name='ocr-system' content='tesseract 3.04.00' />
  <meta name='ocr-capabilities' content='ocr_page ocr_carea ocr_par ocr_line ocrx_word'/>
</head>
<body>
  <div class='ocr_page' id='page_1' title='image "./diegriechischen01religoog/diegriechischen01religoog_0184.png"; bbox 0 0 3698 5510; ppageno 0'>
   <div class='ocr_carea' id='block_1_1' title="bbox 326 504 1047 577">
    <p class='ocr_par' dir='ltr' id='par_1_1' title="bbox 326 504 1047 577">
     <span class='ocr_line' id='line_1_1' title="bbox 326 504 1047 577; baseline -0.004 -16"><span class='ocrx_word' id='word_1_1' title='bbox 326 513 384 577; x_wconf 81' lang='lat'><strong><em>134</em></strong></span> <span class='ocrx_word' id='word_1_2' title='bbox 913 504 1047 560; x_wconf 64' lang='lat' dir='ltr'>Eusebius</span> 
     </span>
    </p>
   </div>
   <div class='ocr_carea' id='block_1_2' title="bbox 321 663 1717 958">
    <p class='ocr_par' dir='ltr' id='par_1_2' title="bbox 321 663 1717 958">
     <span class='ocr_line' id='line_1_2' title="bbox 322 663 1635 757; baseline 0 -16"><span class='ocrx_word' id='word_1_3' title='bbox 322 673 412 741; x_wconf 78' lang='grc' dir='ltr'><strong><em>εἴποι</em></strong></span> <span class='ocrx_word' id='word_1_4' title='bbox 435 667 515 751; x_wconf 90' lang='grc' dir='ltr'><strong><em>τοῦς</em></strong></span> <span class='ocrx_word' id='word_1_5' title='bbox 536 673 758 755; x_wconf 75' lang='grc' dir='ltr'><strong><em>κρατοῦντας,</em></strong></span> <span class='ocrx_word' id='word_1_6' title='bbox 781 663 854 739; x_wconf 79' lang='grc' dir='ltr'><strong><em>ἄλλ’</em></strong></span> <span class='ocrx_word' id='word_1_7' title='bbox 879 667 938 738; x_wconf 84' lang='grc' dir='ltr'><strong><em>ἐνα</em></strong></span> <span class='ocrx_word' id='word_1_8' title='bbox 958 665 1022 738; x_wconf 87' lang='grc' dir='ltr'><strong><em>τόν</em></strong></span> <span class='ocrx_word' id='word_1_9' title='bbox 1042 676 1099 738; x_wconf 85' lang='grc' dir='ltr'><strong><em>καὶ</em></strong></span> <span class='ocrx_word' id='word_1_10' title='bbox 1120 666 1175 739; x_wconf 84' lang='grc' dir='ltr'><strong><em>διά</em></strong></span> <span class='ocrx_word' id='word_1_11' title='bbox 1196 672 1258 757; x_wconf 88' lang='grc' dir='ltr'><strong><em>τῆς</em></strong></span> <span class='ocrx_word' id='word_1_12' title='bbox 1280 663 1411 751; x_wconf 82' lang='grc' dir='ltr'><strong><em>εἰκόνος</em></strong></span> <span class='ocrx_word' id='word_1_13' title='bbox 1431 666 1635 755; x_wconf 82' lang='grc' dir='ltr'><strong><em>τιμώμενον,</em></strong></span> 
     </span>
     <span class='ocr_line' id='line_1_3' title="bbox 322 762 1635 857; baseline -0.004 -17"><span class='ocrx_word' id='word_1_14' title='bbox 322 768 411 840; x_wconf 83' lang='grc' dir='ltr'><strong><em>κατὰ</em></strong></span> <span class='ocrx_word' id='word_1_15' title='bbox 437 768 501 840; x_wconf 87' lang='grc' dir='ltr'><strong><em>τόν</em></strong></span> <span class='ocrx_word' id='word_1_16' title='bbox 528 764 634 838; x_wconf 76' lang='grc' dir='ltr'><strong><em>αὐτόν</em></strong></span> <span class='ocrx_word' id='word_1_17' title='bbox 660 764 793 853; x_wconf 89' lang='grc' dir='ltr'><strong><em>τρόπον</em></strong></span> <span class='ocrx_word' id='word_1_18' title='bbox 822 764 883 853; x_wconf 82' lang='grc' dir='ltr'><strong><em>(ως</em></strong></span> <span class='ocrx_word' id='word_1_19' title='bbox 908 775 965 839; x_wconf 85' lang='grc' dir='ltr'><strong><em>καὶ</em></strong></span> <span class='ocrx_word' id='word_1_20' title='bbox 986 765 1151 849; x_wconf 75' lang='grc' dir='ltr'><em>πολλάκις</em></span> <span class='ocrx_word' id='word_1_21' title='bbox 1173 763 1252 856; x_wconf 82' lang='grc' dir='ltr'><strong><em>ῆμῑν</em></strong></span> <span class='ocrx_word' id='word_1_22' title='bbox 1274 772 1415 857; x_wconf 84' lang='grc' dir='ltr'><strong><em>εἴρηται)</em></strong></span> <span class='ocrx_word' id='word_1_23' title='bbox 1446 775 1502 838; x_wconf 81' lang='grc' dir='ltr'><strong><em>καὶ</em></strong></span> <span class='ocrx_word' id='word_1_24' title='bbox 1531 762 1552 854; x_wconf 89' lang='lat'><strong><em>6</em></strong></span> <span class='ocrx_word' id='word_1_25' title='bbox 1582 769 1635 836; x_wconf 82' lang='lat' dir='ltr'><strong><em>6x·</em></strong></span> 
     </span>
     <span class='ocr_line' id='line_1_4' title="bbox 321 862 1717 958; baseline -0.006 -21"><span class='ocrx_word' id='word_1_26' title='bbox 321 875 441 958; x_wconf 86' lang='grc' dir='ltr'><strong><em>κλησία</em></strong></span> <span class='ocrx_word' id='word_1_27' title='bbox 464 872 526 939; x_wconf 87' lang='grc' dir='ltr'><strong><em>τοῦ</em></strong></span> <span class='ocrx_word' id='word_1_28' title='bbox 547 873 634 939; x_wconf 83' lang='grc' dir='ltr'><strong><em>θεοῦ</em></strong></span> <span class='ocrx_word' id='word_1_29' title='bbox 656 867 714 938; x_wconf 82' lang='grc' dir='ltr'><strong><em>ένα</em></strong></span> <span class='ocrx_word' id='word_1_30' title='bbox 735 873 987 955; x_wconf 60' lang='grc' dir='ltr'><strong><em>παραῖλαβοῦσα</em></strong></span> <span class='ocrx_word' id='word_1_31' title='bbox 1016 866 1103 939; x_wconf 86' lang='grc' dir='ltr'><strong><em>θεὸν</em></strong></span> <span class='ocrx_word' id='word_1_32' title='bbox 1132 874 1241 953; x_wconf 77' lang='grc' dir='ltr'><strong><em>σέβειν</em></strong></span> <span class='ocrx_word' id='word_1_33' title='bbox 1271 867 1335 938; x_wconf 88' lang='grc' dir='ltr'><strong><em>τόν</em></strong></span> <span class='ocrx_word' id='word_1_34' title='bbox 1365 864 1472 939; x_wconf 87' lang='grc' dir='ltr'><strong><em>αῦτὸν</em></strong></span> <span class='ocrx_word' id='word_1_35' title='bbox 1499 874 1555 937; x_wconf 85' lang='grc' dir='ltr'><strong><em>καὶ</em></strong></span> <span class='ocrx_word' id='word_1_36' title='bbox 1577 862 1633 935; x_wconf 82' lang='grc' dir='ltr'><strong><em>διὰ</em></strong></span> <span class='ocrx_word' id='word_1_37' title='bbox 1658 873 1717 929; x_wconf 76' lang='grc'><strong><em>141</em></strong></span> 
     </span>
    </p>
   </div>
   <div class='ocr_carea' id='block_1_3' title="bbox 267 959 1848 4041">
    <p class='ocr_par' dir='ltr' id='par_1_3' title="bbox 267 959 1848 4041">
     <span class='ocr_line' id='line_1_5' title="bbox 323 959 1668 1057; baseline -0.007 -18"><span class='ocrx_word' id='word_1_38' title='bbox 323 973 386 1039; x_wconf 92' lang='grc' dir='ltr'><strong><em>τοῦ</em></strong></span> <span class='ocrx_word' id='word_1_39' title='bbox 406 971 495 1050; x_wconf 77' lang='grc' dir='ltr'><strong><em>υἱοῦ,</em></strong></span> <span class='ocrx_word' id='word_1_40' title='bbox 517 964 565 1050; x_wconf 67' lang='grc' dir='ltr'><strong><em>οἷς</em></strong></span> <span class='ocrx_word' id='word_1_41' title='bbox 588 965 642 1040; x_wconf 84' lang='grc' dir='ltr'><strong><em>διὰ</em></strong></span> <span class='ocrx_word' id='word_1_42' title='bbox 664 963 807 1052; x_wconf 77' lang='grc' dir='ltr'><strong><em>εἰκόνος,</em></strong></span> <span class='ocrx_word' id='word_1_43' title='bbox 827 973 921 1056; x_wconf 90' lang='grc' dir='ltr'><strong><em>μένει</em></strong></span> <span class='ocrx_word' id='word_1_44' title='bbox 946 973 1191 1055; x_wconf 89' lang='grc' dir='ltr'><strong><em>προσκυνοῦσα.</em></strong></span> <span class='ocrx_word' id='word_1_45' title='bbox 1233 963 1255 1036; x_wconf 83' lang='lat'><strong><em>6</em></strong></span> <span class='ocrx_word' id='word_1_46' title='bbox 1278 966 1319 1056; x_wconf 82' lang='lat'><strong><em>66</em></strong></span> <span class='ocrx_word' id='word_1_47' title='bbox 1341 966 1386 1057; x_wconf 88' lang='grc' dir='ltr'><strong><em>μῆ</em></strong></span> <span class='ocrx_word' id='word_1_48' title='bbox 1408 971 1517 1048; x_wconf 78' lang='grc' dir='ltr'><strong><em>συνεὶς</em></strong></span> <span class='ocrx_word' id='word_1_49' title='bbox 1539 959 1668 1053; x_wconf 70' lang='grc' dir='ltr'><strong><em>Μάριε</em></strong></span> 
     </span>
     <span class='ocr_line' id='line_1_6' title="bbox 288 1063 1635 1156; baseline -0.006 -14"><span class='ocrx_word' id='word_1_50' title='bbox 288 1077 441 1150; x_wconf 81' lang='grc' dir='ltr'><strong><em>οκελλος</em></strong></span> <span class='ocrx_word' id='word_1_51' title='bbox 464 1065 528 1155; x_wconf 87' lang='grc' dir='ltr'><strong><em>τῆν</em></strong></span> <span class='ocrx_word' id='word_1_52' title='bbox 550 1063 665 1137; x_wconf 85' lang='grc' dir='ltr'><strong><em>εἰκόνα</em></strong></span> <span class='ocrx_word' id='word_1_53' title='bbox 689 1072 771 1137; x_wconf 75' lang='grc' dir='ltr'><strong><em>»τοῦ</em></strong></span> <span class='ocrx_word' id='word_1_54' title='bbox 792 1073 878 1138; x_wconf 90' lang='grc' dir='ltr'><strong><em>θεοῦ</em></strong></span> <span class='ocrx_word' id='word_1_55' title='bbox 899 1074 963 1139; x_wconf 91' lang='grc' dir='ltr'><strong><em>τοῦ</em></strong></span> <span class='ocrx_word' id='word_1_56' title='bbox 978 1063 1146 1156; x_wconf 76' lang='grc' dir='ltr'><strong><em>άοράτουι</em></strong></span> <span class='ocrx_word' id='word_1_57' title='bbox 1165 1064 1230 1156; x_wconf 86' lang='grc' dir='ltr'><strong><em>τὴν</em></strong></span> <span class='ocrx_word' id='word_1_58' title='bbox 1245 1063 1354 1155; x_wconf 81' lang='grc' dir='ltr'><strong><em>σάρκα</em></strong></span> <span class='ocrx_word' id='word_1_59' title='bbox 1376 1067 1462 1138; x_wconf 88' lang='grc' dir='ltr'><strong><em>εἰναι</em></strong></span> <span class='ocrx_word' id='word_1_60' title='bbox 1483 1070 1546 1136; x_wconf 90' lang='grc' dir='ltr'><strong><em>τοῦ</em></strong></span> <span class='ocrx_word' id='word_1_61' title='bbox 1567 1088 1635 1135; x_wconf 92' lang='grc' dir='ltr'><strong><em>σω-</em></strong></span> 
     </span>
     <span class='ocr_line' id='line_1_7' title="bbox 322 1157 1636 1256; baseline -0.004 -18"><span class='ocrx_word' id='word_1_62' title='bbox 322 1172 426 1255; x_wconf 87' lang='grc' dir='ltr'><strong><em>τῆρος</em></strong></span> <span class='ocrx_word' id='word_1_63' title='bbox 447 1162 664 1256; x_wconf 86' lang='grc' dir='ltr'><strong><em>άπεφῆνατο,</em></strong></span> <span class='ocrx_word' id='word_1_64' title='bbox 695 1164 738 1256; x_wconf 83' lang='grc' dir='ltr'><strong><em>ῆν</em></strong></span> <span class='ocrx_word' id='word_1_65' title='bbox 759 1160 779 1236; x_wconf 95' lang='lat'><strong><em>6</em></strong></span> <span class='ocrx_word' id='word_1_66' title='bbox 802 1164 995 1248; x_wconf 79' lang='grc' dir='ltr'><strong><em>ἀπόστολος</em></strong></span> <span class='ocrx_word' id='word_1_67' title='bbox 1028 1164 1183 1256; x_wconf 76' lang='grc' dir='ltr'><strong><em>»μορφὴν</em></strong></span> <span class='ocrx_word' id='word_1_68' title='bbox 1205 1165 1346 1238; x_wconf 69' lang='grc' dir='ltr'><strong><em>δούλου(</em></strong></span> <span class='ocrx_word' id='word_1_69' title='bbox 1381 1171 1556 1255; x_wconf 75' lang='grc' dir='ltr'><strong><em>κέκληκεν·</em></strong></span> <span class='ocrx_word' id='word_1_70' title='bbox 1592 1157 1636 1234; x_wconf 81' lang='grc' dir='ltr'><strong><em>ου’</em></strong></span> 
     </span>
     <span class='ocr_line' id='line_1_8' title="bbox 321 1259 1635 1356; baseline -0.004 -18"><span class='ocrx_word' id='word_1_71' title='bbox 321 1263 541 1356; x_wconf 75' lang='grc' dir='ltr'><strong><em>λογισάμενος</em></strong></span> <span class='ocrx_word' id='word_1_72' title='bbox 564 1259 618 1337; x_wconf 87' lang='grc' dir='ltr'><strong><em>ότι</em></strong></span> <span class='ocrx_word' id='word_1_73' title='bbox 640 1274 696 1336; x_wconf 85' lang='grc' dir='ltr'><strong><em>καὶ</em></strong></span> <span class='ocrx_word' id='word_1_74' title='bbox 717 1262 845 1348; x_wconf 86' lang='grc' dir='ltr'><strong><em>πάντες</em></strong></span> <span class='ocrx_word' id='word_1_75' title='bbox 860 1264 1045 1354; x_wconf 80' lang='grc' dir='ltr'><strong><em>ἄνθρωποι</em></strong></span> <span class='ocrx_word' id='word_1_76' title='bbox 1069 1262 1157 1336; x_wconf 83' lang='grc' dir='ltr'><strong><em>κατὰ</em></strong></span> <span class='ocrx_word' id='word_1_77' title='bbox 1180 1264 1244 1355; x_wconf 83' lang='grc' dir='ltr'><strong><em>τῆν</em></strong></span> <span class='ocrx_word' id='word_1_78' title='bbox 1266 1262 1374 1353; x_wconf 86' lang='grc' dir='ltr'><strong><em>σάρκα</em></strong></span> <span class='ocrx_word' id='word_1_79' title='bbox 1395 1271 1459 1337; x_wconf 92' lang='grc' dir='ltr'><strong><em>τοῦ</em></strong></span> <span class='ocrx_word' id='word_1_80' title='bbox 1479 1269 1635 1353; x_wconf 86' lang='grc' dir='ltr'><strong><em>σωτῆρος</em></strong></span> 
     </span>
     <span class='ocr_line' id='line_1_9' title="bbox 322 1357 1635 1488; baseline -0.003 -51"><span class='ocrx_word' id='word_1_81' title='bbox 322 1363 544 1488; x_wconf 78' lang='grc' dir='ltr'><strong><em>τυγχάνουσιν</em></strong></span> <span class='ocrx_word' id='word_1_82' title='bbox 565 1370 834 1455; x_wconf 87' lang='grc' dir='ltr'><strong><em>μεμορφωμένοι.</em></strong></span> <span class='ocrx_word' id='word_1_83' title='bbox 876 1373 932 1436; x_wconf 88' lang='grc' dir='ltr'><strong><em>καί</em></strong></span> <span class='ocrx_word' id='word_1_84' title='bbox 959 1362 1000 1436; x_wconf 89' lang='grc' dir='ltr'><strong><em>τό</em></strong></span> <span class='ocrx_word' id='word_1_85' title='bbox 1022 1371 1083 1456; x_wconf 79' lang='grc' dir='ltr'><strong><em>μέν</em></strong></span> <span class='ocrx_word' id='word_1_86' title='bbox 1105 1373 1201 1456; x_wconf 83' lang='grc' dir='ltr'><strong><em>σῶμα</em></strong></span> <span class='ocrx_word' id='word_1_87' title='bbox 1228 1357 1248 1435; x_wconf 90' lang='lat'><strong><em>6</em></strong></span> <span class='ocrx_word' id='word_1_88' title='bbox 1270 1359 1495 1453; x_wconf 86' lang='grc' dir='ltr'><strong><em>άνείληφεν</em></strong></span> <span class='ocrx_word' id='word_1_89' title='bbox 1475 1394 1495 1436; x_wconf 96' lang='grc' dir='ltr'><strong><em>ο</em></strong></span> <span class='ocrx_word' id='word_1_90' title='bbox 1517 1360 1635 1452; x_wconf 86' lang='grc' dir='ltr'><strong><em>σωτῆρ</em></strong></span> 
     </span>
     <span class='ocr_line' id='line_1_10' title="bbox 322 1459 1635 1588; baseline -0.005 -50"><span class='ocrx_word' id='word_1_91' title='bbox 322 1471 384 1555; x_wconf 94' lang='grc' dir='ltr'><strong><em>τῆς</em></strong></span> <span class='ocrx_word' id='word_1_92' title='bbox 407 1459 575 1554; x_wconf 85' lang='grc' dir='ltr'><strong><em>άγενῆτου</em></strong></span> <span class='ocrx_word' id='word_1_93' title='bbox 596 1460 694 1537; x_wconf 86' lang='grc' dir='ltr'><strong><em>καὶ’</em></strong></span> <span class='ocrx_word' id='word_1_94' title='bbox 674 1461 824 1555; x_wconf 86' lang='grc' dir='ltr'><strong><em>αρρῆτου</em></strong></span> <span class='ocrx_word' id='word_1_95' title='bbox 844 1472 901 1534; x_wconf 83' lang='grc' dir='ltr'><strong><em>καὶ</em></strong></span> <span class='ocrx_word' id='word_1_96' title='bbox 915 1473 1083 1557; x_wconf 81' lang='grc' dir='ltr'><strong><em>πατρικῆς</em></strong></span> <span class='ocrx_word' id='word_1_97' title='bbox 1098 1462 1274 1588; x_wconf 78' lang='grc' dir='ltr'><strong><em>θεότητος</em></strong></span> <span class='ocrx_word' id='word_1_98' title='bbox 1282 1460 1397 1535; x_wconf 86' lang='grc' dir='ltr'><strong><em>εἰκόνα</em></strong></span> <span class='ocrx_word' id='word_1_99' title='bbox 1411 1465 1499 1535; x_wconf 87' lang='grc' dir='ltr'><strong><em>εἰναι</em></strong></span> <span class='ocrx_word' id='word_1_100' title='bbox 1514 1469 1635 1551; x_wconf 83' lang='grc' dir='ltr'><strong><em>διισχυ</em></strong></span> 
     </span>
     <span class='ocr_line' id='line_1_11' title="bbox 271 1556 1635 1655; baseline -0.006 -14"><span class='ocrx_word' id='word_1_101' title='bbox 271 1587 305 1641; x_wconf 88' lang='grc'><strong><em>10</em></strong></span> <span class='ocrx_word' id='word_1_102' title='bbox 322 1574 457 1653; x_wconf 78' lang='grc' dir='ltr'><strong><em>ρίζεται,</em></strong></span> <span class='ocrx_word' id='word_1_103' title='bbox 479 1564 543 1637; x_wconf 86' lang='grc' dir='ltr'><strong><em>τὸν</em></strong></span> <span class='ocrx_word' id='word_1_104' title='bbox 565 1569 656 1636; x_wconf 82' lang='grc' dir='ltr'><strong><em>δὲ</em></strong></span> <span class='ocrx_word' id='word_1_105' title='bbox 622 1564 698 1637; x_wconf 88' lang='grc' dir='ltr'><strong><em>υιόν</em></strong></span> <span class='ocrx_word' id='word_1_106' title='bbox 720 1571 784 1636; x_wconf 88' lang='grc' dir='ltr'><strong><em>τοῦ</em></strong></span> <span class='ocrx_word' id='word_1_107' title='bbox 804 1570 889 1635; x_wconf 89' lang='grc' dir='ltr'><strong><em>θεοῦ</em></strong></span> <span class='ocrx_word' id='word_1_108' title='bbox 907 1563 972 1635; x_wconf 86' lang='grc' dir='ltr'><strong><em>τόν</em></strong></span> <span class='ocrx_word' id='word_1_109' title='bbox 985 1571 1155 1655; x_wconf 79' lang='grc' dir='ltr'><strong><em>μονογενῆ</em></strong></span> <span class='ocrx_word' id='word_1_110' title='bbox 1177 1561 1218 1637; x_wconf 81' lang='grc' dir='ltr'><strong><em>δι’</em></strong></span> <span class='ocrx_word' id='word_1_111' title='bbox 1235 1556 1276 1636; x_wconf 85' lang='grc' dir='ltr'><strong><em>οῦ</em></strong></span> <span class='ocrx_word' id='word_1_112' title='bbox 1296 1563 1339 1635; x_wconf 84' lang='grc' dir='ltr'><strong><em>τὰ</em></strong></span> <span class='ocrx_word' id='word_1_113' title='bbox 1353 1560 1470 1635; x_wconf 87' lang='grc' dir='ltr'><strong><em>πάντα</em></strong></span> <span class='ocrx_word' id='word_1_114' title='bbox 1492 1568 1635 1651; x_wconf 83' lang='grc' dir='ltr'><strong><em>συνέστη</em></strong></span> 
     </span>
     <span class='ocr_line' id='line_1_12' title="bbox 322 1658 1635 1754; baseline -0.004 -18"><span class='ocrx_word' id='word_1_115' title='bbox 322 1663 487 1751; x_wconf 71' lang='grc' dir='ltr'><strong><em>(ιπάνται</em></strong></span> <span class='ocrx_word' id='word_1_116' title='bbox 513 1663 575 1753; x_wconf 83' lang='grc' dir='ltr'><strong><em>γάρ</em></strong></span> <span class='ocrx_word' id='word_1_117' title='bbox 601 1661 660 1736; x_wconf 75' lang='grc' dir='ltr'><strong><em>»δι’</em></strong></span> <span class='ocrx_word' id='word_1_118' title='bbox 684 1661 791 1736; x_wconf 88' lang='grc' dir='ltr'><strong><em>αῦτου</em></strong></span> <span class='ocrx_word' id='word_1_119' title='bbox 775 1666 956 1752; x_wconf 82' lang='grc' dir='ltr'><strong><em>’,ἐγένετο</em></strong></span> <span class='ocrx_word' id='word_1_120' title='bbox 979 1673 1034 1736; x_wconf 86' lang='grc' dir='ltr'><strong><em>καί</em></strong></span> <span class='ocrx_word' id='word_1_121' title='bbox 1055 1672 1159 1753; x_wconf 84' lang='grc' dir='ltr'><strong><em>χωρὶς</em></strong></span> <span class='ocrx_word' id='word_1_122' title='bbox 1180 1660 1287 1735; x_wconf 78' lang='grc' dir='ltr'><strong><em>αὐτοῦ</em></strong></span> <span class='ocrx_word' id='word_1_123' title='bbox 1308 1669 1441 1754; x_wconf 88' lang='grc' dir='ltr'><strong><em>ἐγένετο</em></strong></span> <span class='ocrx_word' id='word_1_124' title='bbox 1464 1658 1542 1735; x_wconf 79' lang='grc' dir='ltr'><strong><em>οῦδὲ</em></strong></span> <span class='ocrx_word' id='word_1_125' title='bbox 1565 1663 1635 1747; x_wconf 79' lang='grc' dir='ltr'><strong><em>ένι)</em></strong></span> 
     </span>
     <span class='ocr_line' id='line_1_13' title="bbox 321 1760 1383 1887; baseline -0.002 -50"><span class='ocrx_word' id='word_1_126' title='bbox 321 1761 474 1853; x_wconf 79' lang='grc' dir='ltr'><strong><em>άρνεῐται</em></strong></span> <span class='ocrx_word' id='word_1_127' title='bbox 497 1766 582 1835; x_wconf 81' lang='grc' dir='ltr'><strong><em>εἶναι</em></strong></span> <span class='ocrx_word' id='word_1_128' title='bbox 604 1761 719 1835; x_wconf 89' lang='grc' dir='ltr'><strong><em>εἰκόνα</em></strong></span> <span class='ocrx_word' id='word_1_129' title='bbox 740 1769 803 1834; x_wconf 91' lang='grc' dir='ltr'><strong><em>τοῦ</em></strong></span> <span class='ocrx_word' id='word_1_130' title='bbox 824 1770 909 1835; x_wconf 87' lang='grc' dir='ltr'><strong><em>θεοῦ</em></strong></span> <span class='ocrx_word' id='word_1_131' title='bbox 931 1760 1048 1845; x_wconf 79' lang='grc' dir='ltr'><strong><em>αὐτοῖς</em></strong></span> <span class='ocrx_word' id='word_1_132' title='bbox 1069 1774 1249 1849; x_wconf 74' lang='grc' dir='ltr'><strong><em>συλλαβαῖς</em></strong></span> <span class='ocrx_word' id='word_1_133' title='bbox 1251 1769 1383 1887; x_wconf 75' lang='grc' dir='ltr'><strong><em>λέγων</em></strong></span> 
     </span>
     <span class='ocr_line' id='line_1_14' title="bbox 383 1857 1635 1985; baseline -0.002 -51"><span class='ocrx_word' id='word_1_134' title='bbox 383 1868 453 1951; x_wconf 87' lang='lat' dir='ltr'><strong><em>(Nr</em></strong></span> <span class='ocrx_word' id='word_1_135' title='bbox 476 1872 528 1952; x_wconf 84' lang='grc'>82)</span> <span class='ocrx_word' id='word_1_136' title='bbox 560 1860 686 1934; x_wconf 86' lang='grc' dir='ltr'><strong><em>οῦκοῦν</em></strong></span> <span class='ocrx_word' id='word_1_137' title='bbox 715 1858 905 1953; x_wconf 88' lang='grc' dir='ltr'><strong><em>πρόδηλον,</em></strong></span> <span class='ocrx_word' id='word_1_138' title='bbox 937 1857 992 1933; x_wconf 83' lang='grc' dir='ltr'><strong><em>ότι</em></strong></span> <span class='ocrx_word' id='word_1_139' title='bbox 1021 1861 1089 1985; x_wconf 81' lang='grc' dir='ltr'><strong><em>πρὸ</em></strong></span> <span class='ocrx_word' id='word_1_140' title='bbox 1116 1868 1177 1952; x_wconf 91' lang='grc' dir='ltr'><strong><em>τῆς</em></strong></span> <span class='ocrx_word' id='word_1_141' title='bbox 1203 1870 1267 1935; x_wconf 92' lang='grc' dir='ltr'><strong><em>τοῦ</em></strong></span> <span class='ocrx_word' id='word_1_142' title='bbox 1289 1861 1453 1954; x_wconf 80' lang='grc' dir='ltr'><strong><em>ἡμετέρου</em></strong></span> <span class='ocrx_word' id='word_1_143' title='bbox 1474 1861 1635 1951; x_wconf 84' lang='grc' dir='ltr'><strong><em>σωματος</em></strong></span> 
     </span>
     <span class='ocr_line' id='line_1_15' title="bbox 383 1953 1634 2053; baseline -0.005 -18"><span class='ocrx_word' id='word_1_144' title='bbox 383 1959 626 2053; x_wconf 83' lang='grc' dir='ltr'><strong><em>άναλῆψεως</em></strong></span> <span class='ocrx_word' id='word_1_145' title='bbox 608 1994 627 2034; x_wconf 97' lang='grc' dir='ltr'><strong><em>ο</em></strong></span> <span class='ocrx_word' id='word_1_146' title='bbox 650 1958 752 2051; x_wconf 90' lang='grc' dir='ltr'><strong><em>λόγος</em></strong></span> <span class='ocrx_word' id='word_1_147' title='bbox 773 1959 852 2034; x_wconf 83' lang='grc' dir='ltr'><strong><em>καθ’</em></strong></span> <span class='ocrx_word' id='word_1_148' title='bbox 875 1961 999 2034; x_wconf 87' lang='grc' dir='ltr'><strong><em>εαυτόν</em></strong></span> <span class='ocrx_word' id='word_1_149' title='bbox 1020 1958 1082 2033; x_wconf 85' lang='grc' dir='ltr'><strong><em>οῦκ</em></strong></span> <span class='ocrx_word' id='word_1_150' title='bbox 1102 1953 1146 2052; x_wconf 86' lang='grc' dir='ltr'><strong><em>ῆν</em></strong></span> <span class='ocrx_word' id='word_1_151' title='bbox 1167 1964 1270 2035; x_wconf 81' lang='grc' dir='ltr'><strong><em>εἰκών</em></strong></span> <span class='ocrx_word' id='word_1_152' title='bbox 1286 1970 1350 2035; x_wconf 89' lang='grc' dir='ltr'><strong><em>τοῦ</em></strong></span> <span class='ocrx_word' id='word_1_153' title='bbox 1365 1958 1517 2051; x_wconf 84' lang='grc' dir='ltr'><strong><em>άοράτου</em></strong></span> <span class='ocrx_word' id='word_1_154' title='bbox 1536 1966 1634 2033; x_wconf 87' lang='grc' dir='ltr'><strong><em>θεοῦ.</em></strong></span> 
     </span>
     <span class='ocr_line' id='line_1_16' title="bbox 271 2054 1670 2182; baseline -0.007 -46"><span class='ocrx_word' id='word_1_155' title='bbox 271 2083 303 2138; x_wconf 79' lang='grc'>15</span> <span class='ocrx_word' id='word_1_156' title='bbox 322 2058 404 2155; x_wconf 75' lang='grc' dir='ltr'><strong><em>δρᾷς</em></strong></span> <span class='ocrx_word' id='word_1_157' title='bbox 426 2056 488 2150; x_wconf 84' lang='grc' dir='ltr'><strong><em>όση</em></strong></span> <span class='ocrx_word' id='word_1_158' title='bbox 511 2070 699 2152; x_wconf 78' lang='grc' dir='ltr'><strong><em>διαστροφῆ</em></strong></span> <span class='ocrx_word' id='word_1_159' title='bbox 725 2071 881 2151; x_wconf 88' lang='grc' dir='ltr'><strong><em>κέχρηται</em></strong></span> <span class='ocrx_word' id='word_1_160' title='bbox 903 2067 964 2151; x_wconf 92' lang='grc' dir='ltr'><strong><em>τῆς</em></strong></span> <span class='ocrx_word' id='word_1_161' title='bbox 994 2057 1224 2182; x_wconf 69' lang='grc' dir='ltr'><strong><em>άποστολικῆς</em></strong></span> <span class='ocrx_word' id='word_1_162' title='bbox 1253 2064 1436 2152; x_wconf 88' lang='grc' dir='ltr'><strong><em>ερμῆνείας.</em></strong></span> <span class='ocrx_word' id='word_1_163' title='bbox 1479 2054 1572 2132; x_wconf 87' lang='grc' dir='ltr'><strong><em>οῦτω</em></strong></span> <span class='ocrx_word' id='word_1_164' title='bbox 1596 2064 1633 2130; x_wconf 91' lang='grc' dir='ltr'><strong><em>δε</em></strong></span> <span class='ocrx_word' id='word_1_165' title='bbox 1652 2070 1670 2124; x_wconf 79' lang='lat'><strong>5</strong></span> 
     </span>
     <span class='ocr_line' id='line_1_17' title="bbox 322 2156 1634 2251; baseline -0.002 -17"><span class='ocrx_word' id='word_1_166' title='bbox 322 2170 385 2234; x_wconf 93' lang='grc' dir='ltr'><strong><em>τοῦ</em></strong></span> <span class='ocrx_word' id='word_1_167' title='bbox 407 2158 644 2251; x_wconf 76' lang='grc' dir='ltr'><strong><em>εὐαγγελιστοῦ</em></strong></span> <span class='ocrx_word' id='word_1_168' title='bbox 664 2159 823 2233; x_wconf 85' lang='grc' dir='ltr'><strong><em>Ἰωάννου</em></strong></span> <span class='ocrx_word' id='word_1_169' title='bbox 854 2160 895 2232; x_wconf 87' lang='grc' dir='ltr'><strong><em>τό</em></strong></span> <span class='ocrx_word' id='word_1_170' title='bbox 921 2161 1014 2248; x_wconf 85' lang='grc' dir='ltr'><strong><em>παρὰ</em></strong></span> <span class='ocrx_word' id='word_1_171' title='bbox 1036 2169 1156 2231; x_wconf 87' lang='grc' dir='ltr'><strong><em>Μωσε1</em></strong></span> <span class='ocrx_word' id='word_1_172' title='bbox 1177 2168 1233 2233; x_wconf 86' lang='grc' dir='ltr'><strong><em>καὶ</em></strong></span> <span class='ocrx_word' id='word_1_173' title='bbox 1256 2180 1329 2244; x_wconf 82' lang='grc' dir='ltr'><strong><em>τοῖς</em></strong></span> <span class='ocrx_word' id='word_1_174' title='bbox 1346 2174 1481 2244; x_wconf 81' lang='grc' dir='ltr'><strong><em>λοιποῖς</em></strong></span> <span class='ocrx_word' id='word_1_175' title='bbox 1499 2156 1634 2249; x_wconf 87' lang='grc' dir='ltr'><strong><em>προφῆ-</em></strong></span> 
     </span>
     <span class='ocr_line' id='line_1_18' title="bbox 321 2254 1633 2431; baseline -0.003 -98"><span class='ocrx_word' id='word_1_176' title='bbox 321 2290 396 2345; x_wconf 86' lang='grc' dir='ltr'><strong><em>ταις</em></strong></span> <span class='ocrx_word' id='word_1_177' title='bbox 417 2269 651 2381; x_wconf 72' lang='grc' dir='ltr'><strong><em>κεκρυμμένοις</em></strong></span> <span class='ocrx_word' id='word_1_178' title='bbox 673 2265 887 2351; x_wconf 89' lang='grc' dir='ltr'><strong><em>ἐγνωσμένον</em></strong></span> <span class='ocrx_word' id='word_1_179' title='bbox 908 2257 1094 2350; x_wconf 82' lang='grc' dir='ltr'><strong><em>μυστήριον</em></strong></span> <span class='ocrx_word' id='word_1_180' title='bbox 1114 2256 1420 2431; x_wconf 75' lang='grc' dir='ltr'><strong><em>εὐαγγελιζομένου</em></strong></span> <span class='ocrx_word' id='word_1_181' title='bbox 1430 2254 1528 2332; x_wconf 80' lang='grc' dir='ltr'><strong><em>καὶ’</em></strong></span> <span class='ocrx_word' id='word_1_182' title='bbox 1508 2288 1633 2330; x_wconf 89' lang='grc' dir='ltr'><strong><em>ανακα-</em></strong></span> 
     </span>
     <span class='ocr_line' id='line_1_19' title="bbox 321 2353 1634 2482; baseline -0.002 -51"><span class='ocrx_word' id='word_1_183' title='bbox 321 2359 516 2445; x_wconf 84' lang='grc' dir='ltr'><strong><em>λῦπτοντος</em></strong></span> <span class='ocrx_word' id='word_1_184' title='bbox 536 2357 664 2482; x_wconf 77' lang='grc' dir='ltr'><strong><em>μεγάλη</em></strong></span> <span class='ocrx_word' id='word_1_185' title='bbox 685 2391 723 2432; x_wconf 89' lang='grc' dir='ltr'><strong><em>τε</em></strong></span> <span class='ocrx_word' id='word_1_186' title='bbox 744 2359 979 2479; x_wconf 84' lang='grc' dir='ltr'><strong><em>κηρύττοντος</em></strong></span> <span class='ocrx_word' id='word_1_187' title='bbox 1000 2368 1062 2448; x_wconf 88' lang='grc' dir='ltr'><strong><em>βοῆ</em></strong></span> <span class='ocrx_word' id='word_1_188' title='bbox 1086 2358 1207 2431; x_wconf 87' lang='grc' dir='ltr'><strong><em>τὸέν</em></strong></span> <span class='ocrx_word' id='word_1_189' title='bbox 1229 2357 1314 2450; x_wconf 84' lang='grc' dir='ltr'><strong><em>άρχῆ</em></strong></span> <span class='ocrx_word' id='word_1_190' title='bbox 1336 2353 1379 2451; x_wconf 86' lang='grc' dir='ltr'><strong><em>ῆν</em></strong></span> <span class='ocrx_word' id='word_1_191' title='bbox 1401 2356 1420 2432; x_wconf 93' lang='lat'><strong><em>6</em></strong></span> <span class='ocrx_word' id='word_1_192' title='bbox 1443 2356 1553 2448; x_wconf 89' lang='grc' dir='ltr'><strong><em>λόγος</em></strong></span> <span class='ocrx_word' id='word_1_193' title='bbox 1576 2387 1634 2428; x_wconf 91' lang='grc' dir='ltr'><strong><em>και</em></strong></span> 
     </span>
     <span class='ocr_line' id='line_1_20' title="bbox 321 2451 1670 2550; baseline -0.006 -19"><span class='ocrx_word' id='word_1_194' title='bbox 321 2454 508 2550; x_wconf 82' lang='grc' dir='ltr'><strong><em>όλόγοςγ</em></strong></span> <span class='ocrx_word' id='word_1_195' title='bbox 488 2452 531 2530; x_wconf 82' lang='grc' dir='ltr'><strong><em>έν</em></strong></span> <span class='ocrx_word' id='word_1_196' title='bbox 553 2461 639 2549; x_wconf 84' lang='grc' dir='ltr'><strong><em>πρὸς</em></strong></span> <span class='ocrx_word' id='word_1_197' title='bbox 661 2461 725 2532; x_wconf 87' lang='grc' dir='ltr'><strong><em>τόν</em></strong></span> <span class='ocrx_word' id='word_1_198' title='bbox 746 2456 843 2544; x_wconf 87' lang='grc' dir='ltr'><strong><em>θεόν,</em></strong></span> <span class='ocrx_word' id='word_1_199' title='bbox 875 2467 931 2531; x_wconf 87' lang='grc' dir='ltr'><strong><em>καί</em></strong></span> <span class='ocrx_word' id='word_1_200' title='bbox 952 2459 1035 2542; x_wconf 87' lang='grc' dir='ltr'><strong><em>θεὸς</em></strong></span> <span class='ocrx_word' id='word_1_201' title='bbox 1056 2451 1099 2550; x_wconf 86' lang='lat' dir='ltr'><strong><em>6v</em></strong></span> <span class='ocrx_word' id='word_1_202' title='bbox 1120 2454 1139 2530; x_wconf 93' lang='lat'><strong><em>6</em></strong></span> <span class='ocrx_word' id='word_1_203' title='bbox 1162 2455 1272 2549; x_wconf 85' lang='grc' dir='ltr'><strong><em>λόγος</em></strong></span> <span class='ocrx_word' id='word_1_204' title='bbox 1314 2457 1431 2532; x_wconf 88' lang='grc' dir='ltr'><strong><em>πάντα</em></strong></span> <span class='ocrx_word' id='word_1_205' title='bbox 1457 2456 1503 2531; x_wconf 81' lang='grc' dir='ltr'><strong><em>δι’</em></strong></span> <span class='ocrx_word' id='word_1_206' title='bbox 1526 2453 1670 2529; x_wconf 77' lang='grc' dir='ltr'><strong><em>αῦτοῦσ</em></strong></span> 
     </span>
     <span class='ocr_line' id='line_1_21' title="bbox 269 2552 1635 2679; baseline -0.005 -45"><span class='ocrx_word' id='word_1_207' title='bbox 269 2577 304 2634; x_wconf 83' lang='grc'>20</span> <span class='ocrx_word' id='word_1_208' title='bbox 321 2564 473 2649; x_wconf 71' lang='grc' dir='ltr'><strong><em>ἐγένετο(</em></strong></span> <span class='ocrx_word' id='word_1_209' title='bbox 496 2569 552 2631; x_wconf 87' lang='grc' dir='ltr'><strong><em>καί</em></strong></span> <span class='ocrx_word' id='word_1_210' title='bbox 566 2552 857 2679; x_wconf 73' lang='grc' dir='ltr'><strong><em>μαρτυρομένουο</em></strong></span> <span class='ocrx_word' id='word_1_211' title='bbox 838 2587 893 2630; x_wconf 87' lang='grc' dir='ltr'><strong><em>οτι</em></strong></span> <span class='ocrx_word' id='word_1_212' title='bbox 911 2561 972 2648; x_wconf 76' lang='grc' dir='ltr'><strong><em>»ῆν</em></strong></span> <span class='ocrx_word' id='word_1_213' title='bbox 987 2558 1028 2631; x_wconf 86' lang='grc' dir='ltr'><strong><em>τὸ</em></strong></span> <span class='ocrx_word' id='word_1_214' title='bbox 1044 2566 1120 2647; x_wconf 79' lang='grc' dir='ltr'><strong><em>φῶς</em></strong></span> <span class='ocrx_word' id='word_1_215' title='bbox 1139 2558 1179 2630; x_wconf 89' lang='grc' dir='ltr'><strong><em>τό</em></strong></span> <span class='ocrx_word' id='word_1_216' title='bbox 1195 2568 1349 2647; x_wconf 75' lang='grc' dir='ltr'><strong><em>φωτίζον</em></strong></span> <span class='ocrx_word' id='word_1_217' title='bbox 1362 2557 1479 2632; x_wconf 89' lang='grc' dir='ltr'><strong><em>πάντα</em></strong></span> <span class='ocrx_word' id='word_1_218' title='bbox 1494 2558 1635 2644; x_wconf 82' lang='grc' dir='ltr'><strong><em>ἄνθρω-</em></strong></span> 
     </span>
     <span class='ocr_line' id='line_1_22' title="bbox 319 2651 1634 2783; baseline -0.002 -53"><span class='ocrx_word' id='word_1_219' title='bbox 319 2687 389 2732; x_wconf 93' lang='grc' dir='ltr'><strong><em>πον</em></strong></span> <span class='ocrx_word' id='word_1_220' title='bbox 419 2654 603 2747; x_wconf 79' lang='grc' dir='ltr'><strong><em>ἐρχόμενον</em></strong></span> <span class='ocrx_word' id='word_1_221' title='bbox 628 2664 675 2742; x_wconf 89' lang='grc' dir='ltr'><strong><em>εἰς</em></strong></span> <span class='ocrx_word' id='word_1_222' title='bbox 697 2659 760 2730; x_wconf 86' lang='grc' dir='ltr'><strong><em>τὸν</em></strong></span> <span class='ocrx_word' id='word_1_223' title='bbox 767 2656 926 2783; x_wconf 92' lang='grc' dir='ltr'><strong><em>κόσμον</em></strong></span> <span class='ocrx_word' id='word_1_224' title='bbox 958 2664 997 2731; x_wconf 87' lang='grc' dir='ltr'><strong><em>ἐν</em></strong></span> <span class='ocrx_word' id='word_1_225' title='bbox 1017 2667 1069 2750; x_wconf 80' lang='grc' dir='ltr'><strong><em>τῷ</em></strong></span> <span class='ocrx_word' id='word_1_226' title='bbox 1091 2655 1208 2751; x_wconf 83' lang='grc' dir='ltr'><strong><em>κόσμῳ</em></strong></span> <span class='ocrx_word' id='word_1_227' title='bbox 1235 2651 1292 2748; x_wconf 80' lang='grc' dir='ltr'><strong><em>ῆν,</em></strong></span> <span class='ocrx_word' id='word_1_228' title='bbox 1323 2654 1421 2731; x_wconf 67' lang='grc' dir='ltr'><strong><em>καὶ&lt;</em></strong></span> <span class='ocrx_word' id='word_1_229' title='bbox 1402 2689 1421 2730; x_wconf 96' lang='grc' dir='ltr'><strong><em>ο</em></strong></span> <span class='ocrx_word' id='word_1_230' title='bbox 1443 2655 1570 2745; x_wconf 90' lang='grc' dir='ltr'><strong><em>κόσμος</em></strong></span> <span class='ocrx_word' id='word_1_231' title='bbox 1591 2652 1634 2728; x_wconf 82' lang='grc' dir='ltr'><strong><em>δι’</em></strong></span> 
     </span>
     <span class='ocr_line' id='line_1_23' title="bbox 320 2753 1636 2848; baseline 0.001 -20"><span class='ocrx_word' id='word_1_232' title='bbox 320 2754 427 2829; x_wconf 86' lang='grc' dir='ltr'><strong><em>αῦτοῦ</em></strong></span> <span class='ocrx_word' id='word_1_233' title='bbox 448 2762 594 2848; x_wconf 87' lang='grc' dir='ltr'><strong><em>ἐγένετο,</em></strong></span> <span class='ocrx_word' id='word_1_234' title='bbox 616 2753 714 2829; x_wconf 82' lang='grc' dir='ltr'><strong><em>καὶ</em></strong></span> <span class='ocrx_word' id='word_1_235' title='bbox 694 2788 714 2829; x_wconf 94' lang='grc' dir='ltr'><strong><em>ο</em></strong></span> <span class='ocrx_word' id='word_1_236' title='bbox 736 2756 861 2847; x_wconf 88' lang='grc' dir='ltr'><strong><em>κόσμος</em></strong></span> <span class='ocrx_word' id='word_1_237' title='bbox 883 2756 990 2831; x_wconf 84' lang='grc' dir='ltr'><strong><em>αῦτόν</em></strong></span> <span class='ocrx_word' id='word_1_238' title='bbox 1004 2756 1066 2829; x_wconf 86' lang='grc' dir='ltr'><strong><em>οῦκ</em></strong></span> <span class='ocrx_word' id='word_1_239' title='bbox 1081 2762 1200 2847; x_wconf 81' lang='grc' dir='ltr'><strong><em>έγνωι,</em></strong></span> <span class='ocrx_word' id='word_1_240' title='bbox 1223 2755 1289 2848; x_wconf 89' lang='grc' dir='ltr'><strong><em>τῆν</em></strong></span> <span class='ocrx_word' id='word_1_241' title='bbox 1304 2788 1341 2829; x_wconf 91' lang='grc' dir='ltr'><strong><em>τε</em></strong></span> <span class='ocrx_word' id='word_1_242' title='bbox 1354 2754 1500 2848; x_wconf 85' lang='grc' dir='ltr'><strong><em>υἰότητα</em></strong></span> <span class='ocrx_word' id='word_1_243' title='bbox 1515 2764 1636 2844; x_wconf 80' lang='grc' dir='ltr'><strong><em>σαφῶς</em></strong></span> 
     </span>
     <span class='ocr_line' id='line_1_24' title="bbox 319 2854 1636 2950; baseline -0.002 -21"><span class='ocrx_word' id='word_1_244' title='bbox 319 2864 560 2948; x_wconf 81' lang='grc' dir='ltr'><strong><em>παριστῶντος</em></strong></span> <span class='ocrx_word' id='word_1_245' title='bbox 582 2862 619 2928; x_wconf 90' lang='grc' dir='ltr'><strong><em>ἐν</em></strong></span> <span class='ocrx_word' id='word_1_246' title='bbox 641 2865 693 2950; x_wconf 77' lang='grc' dir='ltr'><strong><em>τῷ</em></strong></span> <span class='ocrx_word' id='word_1_247' title='bbox 715 2865 791 2947; x_wconf 87' lang='grc' dir='ltr'><strong><em>περὶ</em></strong></span> <span class='ocrx_word' id='word_1_248' title='bbox 812 2865 874 2946; x_wconf 78' lang='grc' dir='ltr'><strong><em>μὲν</em></strong></span> <span class='ocrx_word' id='word_1_249' title='bbox 888 2857 1097 2946; x_wconf 85' lang='grc' dir='ltr'><strong><em>τοῦπατρὸς</em></strong></span> <span class='ocrx_word' id='word_1_250' title='bbox 1112 2865 1222 2947; x_wconf 85' lang='grc' dir='ltr'><strong><em>λέγειν</em></strong></span> <span class='ocrx_word' id='word_1_251' title='bbox 1241 2857 1343 2929; x_wconf 76' lang='grc' dir='ltr'><strong><em>»θεὸν</em></strong></span> <span class='ocrx_word' id='word_1_252' title='bbox 1359 2854 1468 2940; x_wconf 75' lang='grc' dir='ltr'><strong><em>οὐδεὶς</em></strong></span> <span class='ocrx_word' id='word_1_253' title='bbox 1482 2857 1636 2945; x_wconf 74' lang='grc' dir='ltr'><strong><em>ἑωρακεν</em></strong></span> 
     </span>
     <span class='ocr_line' id='line_1_25' title="bbox 319 2950 1634 3048; baseline 0 -21"><span class='ocrx_word' id='word_1_254' title='bbox 319 2956 498 3041; x_wconf 79' lang='grc' dir='ltr'><strong><em>πώποτει,</em></strong></span> <span class='ocrx_word' id='word_1_255' title='bbox 521 2965 599 3045; x_wconf 79' lang='grc' dir='ltr'><strong><em>περὶ</em></strong></span> <span class='ocrx_word' id='word_1_256' title='bbox 621 2963 657 3029; x_wconf 80' lang='grc' dir='ltr'><strong><em>δὲ</em></strong></span> <span class='ocrx_word' id='word_1_257' title='bbox 679 2964 742 3029; x_wconf 88' lang='grc' dir='ltr'><strong><em>τοῦ</em></strong></span> <span class='ocrx_word' id='word_1_258' title='bbox 764 2962 840 3029; x_wconf 76' lang='grc' dir='ltr'><strong><em>υἱοῦ</em></strong></span> <span class='ocrx_word' id='word_1_259' title='bbox 864 2954 902 3029; x_wconf 77' lang='lat'><strong><em>»6</em></strong></span> <span class='ocrx_word' id='word_1_260' title='bbox 924 2957 1109 3048; x_wconf 81' lang='grc' dir='ltr'><strong><em>μονογενὴς</em></strong></span> <span class='ocrx_word' id='word_1_261' title='bbox 1134 2955 1206 3040; x_wconf 85' lang='grc' dir='ltr'><strong><em>υἰός</em></strong></span> <span class='ocrx_word' id='word_1_262' title='bbox 1228 2953 1247 3029; x_wconf 90' lang='grc' dir='ltr'><strong><em>ό</em></strong></span> <span class='ocrx_word' id='word_1_263' title='bbox 1270 2950 1321 3029; x_wconf 77' lang='grc' dir='ltr'><strong><em>διν</em></strong></span> <span class='ocrx_word' id='word_1_264' title='bbox 1342 2963 1389 3040; x_wconf 87' lang='grc' dir='ltr'><strong><em>εἰς</em></strong></span> <span class='ocrx_word' id='word_1_265' title='bbox 1411 2957 1476 3029; x_wconf 88' lang='grc' dir='ltr'><strong><em>τόν</em></strong></span> <span class='ocrx_word' id='word_1_266' title='bbox 1497 2955 1634 3029; x_wconf 86' lang='grc' dir='ltr'><strong><em>κόλπον</em></strong></span> 
     </span>
     <span class='ocr_line' id='line_1_26' title="bbox 267 3053 1848 3147; baseline 0.001 -16"><span class='ocrx_word' id='word_1_267' title='bbox 267 3077 301 3131; x_wconf 80' lang='grc'>25</span> <span class='ocrx_word' id='word_1_268' title='bbox 320 3063 383 3127; x_wconf 91' lang='grc' dir='ltr'><strong><em>τοῦ</em></strong></span> <span class='ocrx_word' id='word_1_269' title='bbox 403 3053 544 3145; x_wconf 86' lang='grc' dir='ltr'><strong><em>πατρός,</em></strong></span> <span class='ocrx_word' id='word_1_270' title='bbox 567 3063 695 3140; x_wconf 80' lang='grc' dir='ltr'><strong><em>ἐκεῖνος</em></strong></span> <span class='ocrx_word' id='word_1_271' title='bbox 716 3055 933 3147; x_wconf 68' lang='grc' dir='ltr'><strong><em>ἐξηγήσατοι,</em></strong></span> <span class='ocrx_word' id='word_1_272' title='bbox 955 3062 1011 3131; x_wconf 76' lang='grc'><strong><em>74’</em></strong></span> <span class='ocrx_word' id='word_1_273' title='bbox 1847 3110 1848 3117; x_wconf 42' lang='lat'>1</span> 
     </span>
     <span class='ocr_line' id='line_1_27' title="bbox 403 3148 1848 3248; baseline 0 -17"><span class='ocrx_word' id='word_1_274' title='bbox 403 3152 494 3231; x_wconf 98' lang='grc'><strong><em>24</em></strong></span> <span class='ocrx_word' id='word_1_275' title='bbox 475 3188 493 3229; x_wconf 95' lang='grc' dir='ltr'><strong><em>ο</em></strong></span> <span class='ocrx_word' id='word_1_276' title='bbox 521 3155 717 3248; x_wconf 86' lang='grc' dir='ltr'><strong><em>θαυμαστός</em></strong></span> <span class='ocrx_word' id='word_1_277' title='bbox 745 3148 848 3239; x_wconf 79' lang='grc' dir='ltr'><strong><em>οὗτος</em></strong></span> <span class='ocrx_word' id='word_1_278' title='bbox 871 3163 945 3227; x_wconf 79' lang='grc' dir='ltr'><strong><em>τῶν</em></strong></span> <span class='ocrx_word' id='word_1_279' title='bbox 967 3162 1118 3245; x_wconf 80' lang='grc' dir='ltr'><strong><em>Χριστοῦ</em></strong></span> <span class='ocrx_word' id='word_1_280' title='bbox 1138 3153 1253 3246; x_wconf 90' lang='grc' dir='ltr'><strong><em>λόγων</em></strong></span> <span class='ocrx_word' id='word_1_281' title='bbox 1275 3153 1535 3240; x_wconf 87' lang='grc' dir='ltr'><strong><em>διδάσκαλος</em></strong></span> <span class='ocrx_word' id='word_1_282' title='bbox 1497 3186 1620 3238; x_wconf 91' lang='grc' dir='ltr'><strong><em>τας</em></strong></span> <span class='ocrx_word' id='word_1_283' title='bbox 1581 3160 1634 3226; x_wconf 83' lang='lat'><strong><em>6</em></strong></span> <span class='ocrx_word' id='word_1_284' title='bbox 1652 3158 1813 3231; x_wconf 63' lang='lat'><em>6664616’·</em></span> <span class='ocrx_word' id='word_1_285' title='bbox 1847 3220 1848 3231; x_wconf 67' lang='grc'>,</span> 
     </span>
     <span class='ocr_line' id='line_1_28' title="bbox 320 3235 1848 3368; baseline 0.001 -43"><span class='ocrx_word' id='word_1_286' title='bbox 320 3255 425 3338; x_wconf 85' lang='grc' dir='ltr'><strong><em>τολδις</em></strong></span> <span class='ocrx_word' id='word_1_287' title='bbox 447 3262 511 3327; x_wconf 94' lang='grc' dir='ltr'><strong><em>τοῦ</em></strong></span> <span class='ocrx_word' id='word_1_288' title='bbox 532 3264 617 3329; x_wconf 87' lang='grc' dir='ltr'><strong><em>θεοῦ</em></strong></span> <span class='ocrx_word' id='word_1_289' title='bbox 638 3266 694 3328; x_wconf 90' lang='grc' dir='ltr'><strong><em>καὶ</em></strong></span> <span class='ocrx_word' id='word_1_290' title='bbox 716 3257 798 3340; x_wconf 86' lang='grc' dir='ltr'><strong><em>τοῦς</em></strong></span> <span class='ocrx_word' id='word_1_291' title='bbox 819 3256 1109 3345; x_wconf 86' lang='grc' dir='ltr'><strong><em>παραγγελτικοῦς</em></strong></span> <span class='ocrx_word' id='word_1_292' title='bbox 1131 3263 1205 3328; x_wconf 80' lang='grc' dir='ltr'><strong><em>τῶν</em></strong></span> <span class='ocrx_word' id='word_1_293' title='bbox 1226 3262 1410 3343; x_wconf 80' lang='grc' dir='ltr'><strong><em>πρακτέων</em></strong></span> <span class='ocrx_word' id='word_1_294' title='bbox 1425 3252 1547 3344; x_wconf 88' lang='grc' dir='ltr'><strong><em>λόγους</em></strong></span> <span class='ocrx_word' id='word_1_295' title='bbox 1563 3253 1632 3327; x_wconf 87' lang='grc' dir='ltr'><strong><em>άπο</em></strong></span> <span class='ocrx_word' id='word_1_296' title='bbox 1619 3235 1755 3368; x_wconf 46' lang='lat' dir='ltr'><strong><em>{mg</em></strong></span> <span class='ocrx_word' id='word_1_297' title='bbox 1763 3249 1817 3352; x_wconf 53' lang='grc' dir='ltr'><strong><em>ἴτοοιξ</em></strong></span> <span class='ocrx_word' id='word_1_298' title='bbox 1847 3252 1848 3287; x_wconf 60' lang='lat'>¹</span> 
     </span>
     <span class='ocr_line' id='line_1_29' title="bbox 319 3351 1816 3475; baseline -0.003 -48"><span class='ocrx_word' id='word_1_299' title='bbox 319 3363 381 3475; x_wconf 85' lang='grc' dir='ltr'><strong><em>τῆς</em></strong></span> <span class='ocrx_word' id='word_1_300' title='bbox 402 3364 497 3438; x_wconf 88' lang='grc' dir='ltr'><strong><em>θείας</em></strong></span> <span class='ocrx_word' id='word_1_301' title='bbox 518 3356 719 3445; x_wconf 74' lang='grc' dir='ltr'><strong><em>συναγαγὼν</em></strong></span> <span class='ocrx_word' id='word_1_302' title='bbox 741 3363 873 3445; x_wconf 77' lang='grc' dir='ltr'><strong><em>γραφῆς</em></strong></span> <span class='ocrx_word' id='word_1_303' title='bbox 894 3354 1057 3427; x_wconf 87' lang='grc' dir='ltr'><strong><em>τοιοῦτόν</em></strong></span> <span class='ocrx_word' id='word_1_304' title='bbox 1079 3385 1157 3427; x_wconf 89' lang='grc' dir='ltr'><strong><em>τινα</em></strong></span> <span class='ocrx_word' id='word_1_305' title='bbox 1183 3351 1332 3442; x_wconf 79' lang='grc' dir='ltr'><strong><em>όρίζεται</em></strong></span> <span class='ocrx_word' id='word_1_306' title='bbox 1355 3355 1419 3427; x_wconf 84' lang='grc' dir='ltr'><strong><em>τόν</em></strong></span> <span class='ocrx_word' id='word_1_307' title='bbox 1448 3351 1548 3426; x_wconf 75' lang='grc' dir='ltr'><strong><em>»ἐν’</em></strong></span> <span class='ocrx_word' id='word_1_308' title='bbox 1527 3362 1629 3443; x_wconf 79' lang='grc' dir='ltr'><strong><em>αρχῆι</em></strong></span> <span class='ocrx_word' id='word_1_309' title='bbox 1651 3370 1724 3423; x_wconf 78' lang='grc' dir='ltr'><strong><em>θεοῦ</em></strong></span> <span class='ocrx_word' id='word_1_310' title='bbox 1760 3373 1816 3427; x_wconf 81' lang='grc' dir='ltr'><strong><em>τοι·</em></strong></span> 
     </span>
     <span class='ocr_line' id='line_1_30' title="bbox 320 3441 1814 3567; baseline -0.001 -42"><span class='ocrx_word' id='word_1_311' title='bbox 320 3452 432 3544; x_wconf 92' lang='grc' dir='ltr'><strong><em>λόγον.</em></strong></span> <span class='ocrx_word' id='word_1_312' title='bbox 468 3452 660 3527; x_wconf 78' lang='grc' dir='ltr'><strong><em>ἐπάκουσον</em></strong></span> <span class='ocrx_word' id='word_1_313' title='bbox 681 3449 758 3525; x_wconf 69' lang='grc' dir='ltr'><strong><em>δὲ”</em></strong></span> <span class='ocrx_word' id='word_1_314' title='bbox 739 3485 836 3539; x_wconf 91' lang='grc' dir='ltr'><strong><em>οπως</em></strong></span> <span class='ocrx_word' id='word_1_315' title='bbox 851 3462 961 3527; x_wconf 88' lang='grc' dir='ltr'><strong><em>ταῦτα</em></strong></span> <span class='ocrx_word' id='word_1_316' title='bbox 976 3460 1137 3526; x_wconf 85' lang='grc' dir='ltr'><strong><em>συνιστάν</em></strong></span> <span class='ocrx_word' id='word_1_317' title='bbox 1150 3462 1319 3544; x_wconf 83' lang='grc' dir='ltr'><strong><em>πειρᾶται,</em></strong></span> <span class='ocrx_word' id='word_1_318' title='bbox 1342 3461 1471 3527; x_wconf 90' lang='grc' dir='ltr'><strong><em>τοῦτον</em></strong></span> <span class='ocrx_word' id='word_1_319' title='bbox 1486 3451 1634 3544; x_wconf 86' lang='grc' dir='ltr'><strong><em>γράφων</em></strong></span> <span class='ocrx_word' id='word_1_320' title='bbox 1650 3441 1814 3567; x_wconf 47' lang='grc' dir='ltr'><strong><em>22ώῇ</em></strong></span> 
     </span>
     <span class='ocr_line' id='line_1_31' title="bbox 268 3552 1813 3643; baseline -0.001 -16"><span class='ocrx_word' id='word_1_321' title='bbox 268 3553 383 3627; x_wconf 86' lang='grc' dir='ltr'><strong><em>3οτὸν</em></strong></span> <span class='ocrx_word' id='word_1_322' title='bbox 415 3561 420 3642; x_wconf 95' lang='grc' dir='ltr'>Ι</span> <span class='ocrx_word' id='word_1_323' title='bbox 453 3552 586 3643; x_wconf 91' lang='grc' dir='ltr'><strong><em>τρόπον</em></strong></span> <span class='ocrx_word' id='word_1_324' title='bbox 1654 3569 1711 3626; x_wconf 71' lang='grc'><strong><em>148</em></strong></span> <span class='ocrx_word' id='word_1_325' title='bbox 1769 3588 1813 3636; x_wconf 77' lang='grc' dir='ltr'><strong><em>ιη-</em></strong></span> 
     </span>
     <span class='ocr_line' id='line_1_32' title="bbox 381 3641 1813 3771; baseline 0.001 -48"><span class='ocrx_word' id='word_1_326' title='bbox 381 3658 453 3743; x_wconf 83' lang='grc' dir='ltr'><strong><em>(Ντ.</em></strong></span> <span class='ocrx_word' id='word_1_327' title='bbox 468 3661 519 3742; x_wconf 84' lang='grc'><strong><em>41)</em></strong></span> <span class='ocrx_word' id='word_1_328' title='bbox 534 3684 552 3719; x_wconf 72' lang='grc' dir='ltr'><strong><em>ι</em></strong></span> <span class='ocrx_word' id='word_1_329' title='bbox 575 3684 594 3718; x_wconf 75' lang='grc' dir='ltr'><strong><em>ι</em></strong></span> <span class='ocrx_word' id='word_1_330' title='bbox 617 3683 636 3719; x_wconf 71' lang='grc' dir='ltr'><strong><em>α</em></strong></span> <span class='ocrx_word' id='word_1_331' title='bbox 659 3683 677 3718; x_wconf 76' lang='grc' dir='ltr'><strong><em>ε</em></strong></span> <span class='ocrx_word' id='word_1_332' title='bbox 700 3682 720 3716; x_wconf 72' lang='grc' dir='ltr'><strong><em>ε</em></strong></span> <span class='ocrx_word' id='word_1_333' title='bbox 745 3658 870 3724; x_wconf 81' lang='grc' dir='ltr'><strong><em>τῶνδε</em></strong></span> <span class='ocrx_word' id='word_1_334' title='bbox 893 3649 1127 3724; x_wconf 78' lang='grc' dir='ltr'><strong><em>διδασκόντων</em></strong></span> <span class='ocrx_word' id='word_1_335' title='bbox 1141 3648 1268 3735; x_wconf 84' lang='grc' dir='ltr'><strong><em>αῦτοῦς</em></strong></span> <span class='ocrx_word' id='word_1_336' title='bbox 1282 3649 1399 3741; x_wconf 89' lang='grc' dir='ltr'><strong><em>ωσπερ</em></strong></span> <span class='ocrx_word' id='word_1_337' title='bbox 1421 3658 1635 3743; x_wconf 80' lang='grc' dir='ltr'><strong><em>αἰδουμένων</em></strong></span> <span class='ocrx_word' id='word_1_338' title='bbox 1651 3641 1813 3771; x_wconf 42' lang='grc' dir='ltr'><strong><em>τῆελῑαῖξψ</em></strong></span> 
     </span>
     <span class='ocr_line' id='line_1_33' title="bbox 381 3747 1813 3875; baseline 0 -52"><span class='ocrx_word' id='word_1_339' title='bbox 381 3759 569 3843; x_wconf 86' lang='grc' dir='ltr'><strong><em>μεμνῆσθαι</em></strong></span> <span class='ocrx_word' id='word_1_340' title='bbox 590 3759 654 3823; x_wconf 90' lang='grc' dir='ltr'><strong><em>τοῦ</em></strong></span> <span class='ocrx_word' id='word_1_341' title='bbox 674 3749 787 3841; x_wconf 90' lang='grc' dir='ltr'><strong><em>λόγου,</em></strong></span> <span class='ocrx_word' id='word_1_342' title='bbox 812 3747 852 3824; x_wconf 80' lang='grc' dir='ltr'><strong><em>όν</em></strong></span> <span class='ocrx_word' id='word_1_343' title='bbox 867 3747 961 3823; x_wconf 85' lang='grc' dir='ltr'><strong><em>οῦτω</em></strong></span> <span class='ocrx_word' id='word_1_344' title='bbox 977 3758 1081 3825; x_wconf 80' lang='grc' dir='ltr'><strong><em>πᾶσαι</em></strong></span> <span class='ocrx_word' id='word_1_345' title='bbox 1096 3756 1130 3824; x_wconf 82' lang='grc' dir='ltr'><strong><em>αἰ</em></strong></span> <span class='ocrx_word' id='word_1_346' title='bbox 1145 3764 1236 3823; x_wconf 79' lang='grc' dir='ltr'><strong><em>θεῖαι</em></strong></span> <span class='ocrx_word' id='word_1_347' title='bbox 1250 3750 1478 3842; x_wconf 80' lang='grc' dir='ltr'><strong><em>κηρύττουσιν</em></strong></span> <span class='ocrx_word' id='word_1_348' title='bbox 1498 3761 1635 3875; x_wconf 77' lang='grc' dir='ltr'><strong><em>γραφαί.</em></strong></span> <span class='ocrx_word' id='word_1_349' title='bbox 1652 3792 1721 3859; x_wconf 73' lang='grc' dir='ltr'><strong><em>γενη</em></strong></span> <span class='ocrx_word' id='word_1_350' title='bbox 1708 3774 1813 3857; x_wconf 79' lang='grc' dir='ltr'><strong><em>’λύγοι</em></strong></span> 
     </span>
     <span class='ocr_line' id='line_1_34' title="bbox 383 3840 1847 3944; baseline 0.001 -22"><span class='ocrx_word' id='word_1_351' title='bbox 383 3859 486 3924; x_wconf 87' lang='grc' dir='ltr'><strong><em>Δαυίδ</em></strong></span> <span class='ocrx_word' id='word_1_352' title='bbox 513 3880 574 3938; x_wconf 89' lang='grc' dir='ltr'><strong><em>μεν</em></strong></span> <span class='ocrx_word' id='word_1_353' title='bbox 604 3851 667 3940; x_wconf 83' lang='grc' dir='ltr'><strong><em>γὰρ</em></strong></span> <span class='ocrx_word' id='word_1_354' title='bbox 698 3859 773 3938; x_wconf 84' lang='grc' dir='ltr'><strong><em>περὶ</em></strong></span> <span class='ocrx_word' id='word_1_355' title='bbox 796 3847 902 3924; x_wconf 85' lang='grc' dir='ltr'><strong><em>αῦτοῦ</em></strong></span> <span class='ocrx_word' id='word_1_356' title='bbox 932 3859 1021 3942; x_wconf 86' lang='grc' dir='ltr'><strong><em>λέγει</em></strong></span> <span class='ocrx_word' id='word_1_357' title='bbox 1054 3859 1123 3943; x_wconf 76' lang='grc' dir='ltr'><strong><em>»τῷ</em></strong></span> <span class='ocrx_word' id='word_1_358' title='bbox 1156 3848 1249 3944; x_wconf 82' lang='grc' dir='ltr'><strong><em>λόγῳ</em></strong></span> <span class='ocrx_word' id='word_1_359' title='bbox 1279 3862 1399 3943; x_wconf 87' lang='grc' dir='ltr'><strong><em>κυρίου</em></strong></span> <span class='ocrx_word' id='word_1_360' title='bbox 1429 3857 1464 3925; x_wconf 80' lang='grc' dir='ltr'><strong><em>ολ</em></strong></span> <span class='ocrx_word' id='word_1_361' title='bbox 1493 3849 1633 3941; x_wconf 87' lang='grc' dir='ltr'><strong><em>οῦρανοι</em></strong></span> <span class='ocrx_word' id='word_1_362' title='bbox 1653 3840 1810 3910; x_wconf 62' lang='lat' dir='ltr'><strong><em>“W-“⁰¹⁰¹</em></strong></span> <span class='ocrx_word' id='word_1_363' title='bbox 1846 3856 1847 3939; x_wconf 69' lang='lat'><strong><em>6</em></strong></span> 
     </span>
     <span class='ocr_line' id='line_1_35' title="bbox 381 3924 1634 4041; baseline 0 -20"><span class='ocrx_word' id='word_1_364' title='bbox 381 3950 670 4040; x_wconf 76' lang='grc' dir='ltr'><strong><em>έστερειόθησανι,</em></strong></span> <span class='ocrx_word' id='word_1_365' title='bbox 692 3943 791 4033; x_wconf 88' lang='grc' dir='ltr'><strong><em>αῦθίς</em></strong></span> <span class='ocrx_word' id='word_1_366' title='bbox 813 3980 851 4023; x_wconf 91' lang='grc' dir='ltr'><strong><em>τε</em></strong></span> <span class='ocrx_word' id='word_1_367' title='bbox 874 3947 893 4023; x_wconf 91' lang='lat'><strong><em>6</em></strong></span> <span class='ocrx_word' id='word_1_368' title='bbox 916 3948 1019 4033; x_wconf 86' lang='grc' dir='ltr'><strong><em>αῦτός</em></strong></span> <span class='ocrx_word' id='word_1_369' title='bbox 1044 3924 1354 4038; x_wconf 76' lang='grc' dir='ltr'><strong><em>»ἐξαπέστειλεν</em></strong></span> <span class='ocrx_word' id='word_1_370' title='bbox 1318 3982 1382 4024; x_wconf 86' lang='grc' dir='ltr'><strong><em>τον</em></strong></span> <span class='ocrx_word' id='word_1_371' title='bbox 1397 3949 1504 4041; x_wconf 85' lang='grc' dir='ltr'><strong><em>λόγον</em></strong></span> <span class='ocrx_word' id='word_1_372' title='bbox 1525 3949 1634 4023; x_wconf 86' lang='grc' dir='ltr'><strong><em>αῦτοῦ</em></strong></span> 
     </span>
    </p>
   </div>
   <div class='ocr_carea' id='block_1_4' title="bbox 267 4047 1634 4143">
    <p class='ocr_par' dir='ltr' id='par_1_4' title="bbox 267 4047 1634 4143">
     <span class='ocr_line' id='line_1_36' title="bbox 267 4047 1634 4143; baseline -0.001 -19"><span class='ocrx_word' id='word_1_373' title='bbox 267 4068 301 4124; x_wconf 84' lang='grc'><strong><em>35</em></strong></span> <span class='ocrx_word' id='word_1_374' title='bbox 381 4058 436 4121; x_wconf 87' lang='grc' dir='ltr'><strong><em>καὶ</em></strong></span> <span class='ocrx_word' id='word_1_375' title='bbox 459 4047 579 4124; x_wconf 88' lang='grc' dir='ltr'><strong><em>ἰάσατο</em></strong></span> <span class='ocrx_word' id='word_1_376' title='bbox 603 4048 756 4132; x_wconf 73' lang='grc' dir='ltr'><strong><em>αῦτοῦςι.</em></strong></span> <span class='ocrx_word' id='word_1_377' title='bbox 787 4060 960 4141; x_wconf 81' lang='grc' dir='ltr'><strong><em>Σολομῶν</em></strong></span> <span class='ocrx_word' id='word_1_378' title='bbox 990 4057 1063 4123; x_wconf 77' lang='grc' dir='ltr'><strong><em>δὲ</em></strong></span> <span class='ocrx_word' id='word_1_379' title='bbox 1050 4050 1270 4143; x_wconf 75' lang='grc' dir='ltr'><strong><em>ςητῆσουσίν</em></strong></span> <span class='ocrx_word' id='word_1_380' title='bbox 1290 4080 1331 4139; x_wconf 91' lang='grc' dir='ltr'><strong><em>με</em></strong></span> <span class='ocrx_word' id='word_1_381' title='bbox 1352 4060 1462 4136; x_wconf 85' lang='grc' dir='ltr'><strong><em>κακοί,</em></strong></span> <span class='ocrx_word' id='word_1_382' title='bbox 1493 4060 1551 4123; x_wconf 79' lang='grc' dir='ltr'><strong><em>καὶ</em></strong></span> <span class='ocrx_word' id='word_1_383' title='bbox 1572 4048 1634 4140; x_wconf 80' lang='grc' dir='ltr'><strong><em>οδχ</em></strong></span> 
     </span>
    </p>
   </div>
   <div class='ocr_carea' id='block_1_5' title="bbox 318 4219 1634 4509">
    <p class='ocr_par' dir='ltr' id='par_1_5' title="bbox 318 4219 1634 4509">
     <span class='ocr_line' id='line_1_37' title="bbox 406 4219 1634 4290; baseline 0.002 -15"><span class='ocrx_word' id='word_1_384' title='bbox 406 4219 1348 4290; x_wconf 61' lang='grc' dir='ltr'>2τςλ.τι18.133,10-41181Ντ.82-6Ρ11112,7-</span> <span class='ocrx_word' id='word_1_385' title='bbox 1376 4222 1634 4289; x_wconf 69' lang='grc' dir='ltr'>111ο111,3-</span> 
     </span>
     <span class='ocr_line' id='line_1_38' title="bbox 320 4320 1634 4389; baseline 0.003 -14"><span class='ocrx_word' id='word_1_386' title='bbox 320 4321 359 4377; x_wconf 98' lang='grc'><strong><em>14</em></strong></span> <span class='ocrx_word' id='word_1_387' title='bbox 376 4322 437 4376; x_wconf 85' lang='grc' dir='ltr'><strong><em>ΚοΙ.</em></strong></span> <span class='ocrx_word' id='word_1_388' title='bbox 449 4325 473 4387; x_wconf 89' lang='grc'>1,</span> <span class='ocrx_word' id='word_1_389' title='bbox 483 4324 558 4376; x_wconf 83' lang='grc'>15-</span> <span class='ocrx_word' id='word_1_390' title='bbox 571 4321 608 4377; x_wconf 86' lang='grc'>18</span> <span class='ocrx_word' id='word_1_391' title='bbox 626 4320 687 4375; x_wconf 90' lang='lat' dir='ltr'><strong>Joh.</strong></span> <span class='ocrx_word' id='word_1_392' title='bbox 707 4322 763 4382; x_wconf 91' lang='grc'>1,1.</span> <span class='ocrx_word' id='word_1_393' title='bbox 781 4324 797 4376; x_wconf 90' lang='lat'><strong>3</strong></span> <span class='ocrx_word' id='word_1_394' title='bbox 815 4350 848 4360; x_wconf 93' lang='lat'>-</span> <span class='ocrx_word' id='word_1_395' title='bbox 866 4322 907 4376; x_wconf 79' lang='lat'><strong><em>20</em></strong></span> <span class='ocrx_word' id='word_1_396' title='bbox 925 4321 986 4376; x_wconf 88' lang='lat' dir='ltr'>Joh.</span> <span class='ocrx_word' id='word_1_397' title='bbox 1006 4324 1029 4383; x_wconf 88' lang='grc'>1,</span> <span class='ocrx_word' id='word_1_398' title='bbox 1039 4324 1063 4377; x_wconf 89' lang='grc'><strong><em>9.</em></strong></span> <span class='ocrx_word' id='word_1_399' title='bbox 1074 4324 1107 4377; x_wconf 89' lang='grc'>10</span> <span class='ocrx_word' id='word_1_400' title='bbox 1124 4351 1157 4361; x_wconf 98' lang='lat'>-</span> <span class='ocrx_word' id='word_1_401' title='bbox 1175 4321 1215 4377; x_wconf 74' lang='lat'><strong><em>2⁸</em></strong></span> <span class='ocrx_word' id='word_1_402' title='bbox 1233 4322 1422 4387; x_wconf 67' lang='grc'>1011118-</span> <span class='ocrx_word' id='word_1_403' title='bbox 1442 4324 1483 4380; x_wconf 85' lang='grc'><strong><em>24</em></strong></span> <span class='ocrx_word' id='word_1_404' title='bbox 1493 4323 1556 4380; x_wconf 72' lang='grc'>1011</span> <span class='ocrx_word' id='word_1_405' title='bbox 1566 4328 1590 4389; x_wconf 91' lang='grc'>1,</span> <span class='ocrx_word' id='word_1_406' title='bbox 1601 4326 1634 4379; x_wconf 72' lang='grc'>13</span> 
     </span>
     <span class='ocr_line' id='line_1_39' title="bbox 318 4421 1473 4509; baseline 0.003 -31"><span class='ocrx_word' id='word_1_407' title='bbox 318 4451 352 4460; x_wconf 89' lang='lat'><em>-</em></span> <span class='ocrx_word' id='word_1_408' title='bbox 370 4423 410 4509; x_wconf 75' lang='grc'>28</span> <span class='ocrx_word' id='word_1_409' title='bbox 428 4421 547 4484; x_wconf 84' lang='lat' dir='ltr'>Joh.1,1</span> <span class='ocrx_word' id='word_1_410' title='bbox 568 4450 601 4461; x_wconf 98' lang='lat'>-</span> <span class='ocrx_word' id='word_1_411' title='bbox 620 4421 720 4477; x_wconf 60' lang='grc'>1111.</span> <span class='ocrx_word' id='word_1_412' title='bbox 739 4422 780 4489; x_wconf 86' lang='grc'>32,</span> <span class='ocrx_word' id='word_1_413' title='bbox 798 4422 920 4478; x_wconf 77' lang='lat'><em>6-84</em></span> <span class='ocrx_word' id='word_1_414' title='bbox 939 4423 982 4477; x_wconf 81' lang='grc' dir='ltr'><strong><em>Ρε,</em></strong></span> <span class='ocrx_word' id='word_1_415' title='bbox 1001 4426 1059 4491; x_wconf 83' lang='grc'>106,</span> <span class='ocrx_word' id='word_1_416' title='bbox 1077 4425 1111 4480; x_wconf 88' lang='grc'>20</span> <span class='ocrx_word' id='word_1_417' title='bbox 1128 4452 1162 4462; x_wconf 90' lang='grc'>-</span> <span class='ocrx_word' id='word_1_418' title='bbox 1180 4422 1219 4479; x_wconf 75' lang='grc'><strong><em>85</em></strong></span> <span class='ocrx_word' id='word_1_419' title='bbox 1237 4422 1318 4479; x_wconf 86' lang='lat' dir='ltr'>Prov.</span> <span class='ocrx_word' id='word_1_420' title='bbox 1338 4426 1361 4491; x_wconf 86' lang='lat'><strong><em>1,</em></strong></span> <span class='ocrx_word' id='word_1_421' title='bbox 1379 4425 1421 4481; x_wconf 65' lang='lat'><strong><em>26</em></strong></span> <span class='ocrx_word' id='word_1_422' title='bbox 1439 4427 1473 4482; x_wconf 80' lang='lat'><strong><em>29</em></strong></span> 
     </span>
    </p>
   </div>
   <div class='ocr_carea' id='block_1_6' title="bbox 319 4569 1595 4730">
    <p class='ocr_par' dir='ltr' id='par_1_6' title="bbox 319 4569 1595 4730">
     <span class='ocr_line' id='line_1_40' title="bbox 405 4569 1595 4644; baseline -0.003 -17"><span class='ocrx_word' id='word_1_423' title='bbox 405 4572 424 4627; x_wconf 90' lang='grc'>4</span> <span class='ocrx_word' id='word_1_424' title='bbox 451 4571 539 4640; x_wconf 77' lang='grc' dir='ltr'><strong><em>μένει]</em></strong></span> <span class='ocrx_word' id='word_1_425' title='bbox 568 4569 665 4644; x_wconf 77' lang='grc' dir='ltr'><strong><em>σέβει2</em></strong></span> <span class='ocrx_word' id='word_1_426' title='bbox 683 4570 735 4626; x_wconf 77' lang='lat' dir='ltr'><strong><em>We</em></strong></span> <span class='ocrx_word' id='word_1_427' title='bbox 767 4573 772 4639; x_wconf 89' lang='grc' dir='ltr'>Ι</span> <span class='ocrx_word' id='word_1_428' title='bbox 805 4572 841 4627; x_wconf 79' lang='grc'>17</span> <span class='ocrx_word' id='word_1_429' title='bbox 870 4570 1052 4644; x_wconf 79' lang='grc' dir='ltr'><strong><em>κεχρημένος</em></strong></span> <span class='ocrx_word' id='word_1_430' title='bbox 1070 4574 1119 4641; x_wconf 64' lang='lat' dir='ltr'><strong><em>W,</em></strong></span> <span class='ocrx_word' id='word_1_431' title='bbox 1138 4590 1207 4629; x_wconf 82' lang='lat' dir='ltr'><strong>corr.</strong></span> <span class='ocrx_word' id='word_1_432' title='bbox 1226 4573 1265 4627; x_wconf 86' lang='lat' dir='ltr'><strong><em>V²</em></strong></span> <span class='ocrx_word' id='word_1_433' title='bbox 1296 4574 1301 4644; x_wconf 84' lang='grc' dir='ltr'>Ι</span> <span class='ocrx_word' id='word_1_434' title='bbox 1334 4575 1372 4630; x_wconf 76' lang='lat'><strong><em>81</em></strong></span> <span class='ocrx_word' id='word_1_435' title='bbox 1400 4593 1416 4622; x_wconf 68' lang='grc' dir='ltr'><strong><em>ε</em></strong></span> <span class='ocrx_word' id='word_1_436' title='bbox 1433 4594 1451 4624; x_wconf 72' lang='grc' dir='ltr'><strong><em>ε</em></strong></span> <span class='ocrx_word' id='word_1_437' title='bbox 1468 4594 1485 4624; x_wconf 77' lang='grc' dir='ltr'><strong><em>ιι</em></strong></span> <span class='ocrx_word' id='word_1_438' title='bbox 1502 4594 1520 4624; x_wconf 72' lang='grc' dir='ltr'><strong><em>ιι</em></strong></span> <span class='ocrx_word' id='word_1_439' title='bbox 1537 4594 1554 4624; x_wconf 58' lang='grc' dir='ltr'><strong><em>ε</em></strong></span> <span class='ocrx_word' id='word_1_440' title='bbox 1580 4594 1595 4629; x_wconf 79' lang='lat' dir='ltr'>r</span> 
     </span>
     <span class='ocr_line' id='line_1_41' title="bbox 319 4671 669 4730; baseline -0.014 0"><span class='ocrx_word' id='word_1_441' title='bbox 319 4675 358 4730; x_wconf 73' lang='lat'><strong><em>88</em></strong></span> <span class='ocrx_word' id='word_1_442' title='bbox 377 4675 456 4729; x_wconf 82' lang='grc' dir='ltr'><strong><em>δαυίδ</em></strong></span> <span class='ocrx_word' id='word_1_443' title='bbox 473 4674 534 4727; x_wconf 83' lang='lat' dir='ltr'><strong>and.</strong></span> <span class='ocrx_word' id='word_1_444' title='bbox 553 4674 591 4727; x_wconf 75' lang='lat' dir='ltr'><strong><em>st.</em></strong></span> <span class='ocrx_word' id='word_1_445' title='bbox 610 4671 626 4728; x_wconf 88' lang='lat'><strong><em>6</em></strong></span> <span class='ocrx_word' id='word_1_446' title='bbox 645 4673 669 4725; x_wconf 71' lang='lat' dir='ltr'>Y</span> 
     </span>
    </p>
   </div>
   <div class='ocr_carea' id='block_1_7' title="bbox 0 0 1854 5510">
    <p class='ocr_par' dir='ltr' id='par_1_7' title="bbox 0 0 1854 5510">
     <span class='ocr_line' id='line_1_42' title="bbox 0 0 1854 5510; baseline 0 0"><span class='ocrx_word' id='word_1_447' title='bbox 0 0 1854 5510; x_wconf 95' lang='lat' dir='ltr'><strong><em> </em></strong></span> 
     </span>
    </p>
   </div>
  </div>
 </body>
</html>
