3674 5506
351 483 410 544 174
939 476 1073 532 Eusebius

349 637 393 727 ἣν
418 645 490 709 »καὶ
513 635 616 721 αὐτὸς
639 635 658 710 6
679 638 753 723 υἱὸς
774 636 1025 730 ὑποταγήσεται
1047 646 1097 730 τῷ
1120 635 1330 725 ὑποτάξαντι
1344 634 1439 728 αὐτῶ
1456 637 1499 709 τὰ
1513 634 1655 721 πάνται,

349 734 497 811 άλεκτόν
518 767 595 809 τινα
616 744 671 810 καὶ
694 738 845 828 ἄρρητον
858 746 913 810 καὶ
928 736 1025 831 μόνῳ
1048 738 1143 830 αὐτῷ
1159 746 1357 830 πρέπουσαν
1370 734 1549 826 ὑποταγὴν
1562 765 1655 826 ποιη·

350 836 505 928 σόμενος,
538 831 595 909 ὅτε
622 839 703 921 τούς
723 835 780 909 ὁπ’
804 836 910 911 αὐτοῦ
931 837 1064 923 πάντας
1082 846 1188 928 χοροῦ
1210 843 1307 929 δίκην
1328 834 1656 927 περιστοιχισάμενος

352 945 422 1028 »τῷ
453 944 526 1028 θεῷ
548 944 604 1008 καὶ
625 945 747 1027 πατρὶι
777 936 947 1028 προσάξει,
980 945 985 1027 Ι
1018 938 1085 1028 τήν
1114 935 1218 1026 δόξαν
1251 937 1345 1028 αὐτῷ
1375 945 1432 1010 καὶ
1464 938 1528 1025 τὴν
1559 934 1656 1024 τιμὴν
1673 950 1726 1007 186

315 1047 404 1109 διαὶ
435 1036 476 1108 τὸ
508 1043 605 1120 σέβας
634 1043 690 1108 καὶ
720 1036 785 1126 τὴν
812 1038 1055 1128 μεγαλωσύνην
1082 1032 1142 1110 άτε
1172 1039 1214 1128 δὴ
1244 1036 1388 1110 πάντων
1414 1045 1490 1109 τῶν
1517 1033 1657 1126 άγαθῶν

349 1140 448 1225 αἰτέω
470 1143 675 1223 προσοίσων,

433 1228 515 1309 16⁰
495 1265 553 1307 οτε
575 1243 631 1306 καὶ
654 1233 694 1307 τὸ
718 1241 935 1358 συμπέρασμα
962 1244 1023 1328 τῆς
1044 1235 1275 1328 άποστολικῆς
1302 1243 1519 1319 διδασκαλίας
1542 1240 1657 1317 τέλους
1672 1241 1811 1333 θποςελρη

351 1334 503 1422 τεύξεται
525 1340 637 1424 φῆσαν
662 1328 775 1406 »ἵνα
755 1365 776 1423 η
800 1330 820 1406 6
842 1335 925 1421 θεὸς
946 1336 989 1408 τὰ
1010 1335 1125 1408 πάντα
1147 1341 1185 1408 ἐν
1205 1343 1338 1409 πᾶσινι.
1382 1331 1400 1408 6
1428 1335 1469 1426 δή
1497 1343 1554 1406 καὶ
1575 1330 1656 1406 αὐτὸ
1643 1334 1805 1454 ἀπ’

351 1433 517 1525 νοήσομεν
540 1436 713 1558 ἐξὲτέρας
735 1439 948 1525 ἐπαγγελίας,
971 1429 1056 1507 δι’
1038 1466 1076 1525 ης
1096 1441 1132 1522 ἐξ
1154 1432 1260 1507 αὐτοῦ
1281 1439 1411 1525 εἴρηται
1432 1442 1497 1509 τοῦ
1519 1441 1604 1506 θεου
1616 1463 1656 1505 το
1671 1451 1730 1507 τότε
1749 1404 1811 1506 ἔσται

300 1551 333 1605 10
352 1532 537 1625 ιένοικήσω
559 1538 596 1606 ἐν
619 1531 744 1618 αὐτοῖς,
766 1543 822 1607 καὶ
843 1533 1105 1625 ἐμπεριπατήσω
1126 1540 1163 1606 ἐν
1184 1531 1313 1618 αὐτοῖς·
1334 1541 1389 1605 καὶ
1387 1532 1586 1656 ἔσομαι’
1545 1541 1658 1605 αυτῶν
1640 1516 1770 1642 ”m
1775 1516 1810 1641 ,τὰ

351 1631 441 1717 θεός,
462 1641 519 1704 καὶ
541 1629 676 1706 αδτοὶ”
660 1643 796 1706 εσονταὶ
816 1663 881 1724 μου
903 1631 1013 1718 λαός(
1049 1629 1135 1705 άλλὰ
1151 1640 1213 1706 νῦν
1233 1641 1295 1723 μὲν
1313 1633 1401 1705 κατά
1419 1633 1484 1706 τὸν
1504 1629 1658 1721 παρόντα
1694 1660 1784 1709 πᾶσιν.

352 1740 460 1805 αἰῶνα
491 1738 538 1816 εἰς
567 1745 699 1822 βραχεῖς
728 1730 856 1823 μόνους
886 1733 967 1818 τούς
997 1730 1051 1820 άξὶ
1053 1764 1110 1816 ους
1139 1742 1194 1804 καλ
1225 1738 1262 1806 ἐκ
1292 1740 1412 1823 με’ρους
1439 1731 1659 1824 ήέπαγγελέα

351 1852 524 1924 προχωρεῖ
543 1831 632 1904 κατὰ
654 1832 694 1904 τό
721 1837 776 1903 »ἐκ
797 1839 918 1924 μέρους
939 1834 1159 1922 γινώσκομεν,
1181 1841 1238 1904 καὶ
1252 1838 1290 1905 ἐκ
1303 1840 1424 1922 μέρους
1445 1830 1659 1923 προφητεόο·

350 1957 443 2021 μενι·
466 1931 550 2022 μετά
573 1937 609 2002 δέ
631 1931 697 2022 τήν
718 1940 914 2005 συντέλειαν
936 1940 1000 2006 τοῦ
1021 1932 1153 2015 παντὸς
1175 1930 1378 2016 ἐπιστάντος
1400 1938 1462 2003 τοῦ
1487 1939 1567 2004 νέου
1581 1937 1658 2003 αἰῶ·

300 2047 333 2098 15
352 2060 426 2115 νος,
459 2027 569 2104 οδκέτ>
593 2035 629 2103 ἐν
654 2038 810 2121 βραχέσιν
837 2041 925 2105 τισὶν
947 2030 1126 2121 ἐνοικήσει,
1158 2028 1231 2102 ἀλλ’
1261 2037 1300 2103 ἐν
1330 2025 1455 2104 άπασιν
1486 2052 1560 2115 τοῖς
1581 2029 1658 2105 τότε

352 2137 414 2219 τῆς
446 2139 520 2202 τῶν
551 2126 710 2220 οδρανῶν
739 2140 908 2217 βασιλείας
938 2129 1051 2219 ἀξίοις.
1102 2128 1213 2215 οὕτως
1242 2124 1305 2204 οὖν
1335 2134 1429 2204 ἔσται
1463 2128 1596 2204 »πάντα
1623 2132 1688 2201 ἐν2

351 2237 486 2314 πάσινι,
509 2230 638 2320 δηλαδή
662 2233 826 2304 ιένοικῶν
847 2237 884 2304 ἐν
906 2228 1023 2314 πότοις
1044 2240 1098 2304 καλ
1121 2236 1363 2322 ἐμπεριπατῶν
1385 2235 1422 2302 ἐν
1445 2228 1580 2314 αὐτοῖς(
1605 2236 1657 2302 καὶ

356 2326 455 2411 »θεὸς
478 2326 612 2400 αὖτῶνι
637 2326 700 2400 οὐκ
722 2327 879 2418 ἀπαξιῶν
898 2334 984 2402 εἶναι
1007 2328 1091 2403 λαόν
1113 2360 1151 2403 τε
1172 2328 1279 2403 αὐτοῦ
1301 2331 1382 2415 τούς
1407 2329 1545 2414 πάντας
1565 2335 1658 2401 οἰκει-

354 2427 504 2519 ούμενος.
547 2420 641 2500 οότω
667 2434 728 2519 μέν
750 2423 812 2503 οὖν
838 2434 930 2502 ἔσται
961 2435 998 2502 ἐν
1028 2427 1144 2513 αιἰτοῑς
1175 2428 1223 2514 ῶς
1253 2438 1310 2502 καὶ
1338 2436 1376 2502 ἐν
1405 2427 1504 2521 αὐτῷ
1531 2435 1658 2518 λέγεται

301 2547 335 2602 20
352 2528 439 2600 εἶναι
461 2534 514 2618 τῶ
534 2532 613 2619 υἱῲ,
644 2530 763 2613 καθῶς
791 2527 935 2602 διδάσκει
957 2537 1067 2620 λέγων
1088 2527 1191 2614 αὐτὸς
1220 2525 1257 2602 »6
1279 2530 1393 2619 πατὴρ
1415 2534 1453 2602 ἐν
1474 2534 1550 2618 ἐμοὶ
1567 2524 1656 2617 κάγῶ

352 2634 391 2700 ἐν
412 2635 463 2718 τῷ
485 2636 620 2714 πατρίι.
662 2635 718 2700 καὶ
744 2627 893 2701 »πάντας
919 2636 954 2701 δέ
981 2633 1074 2702 ἔσται
1103 2634 1141 2701 ἐν
1171 2626 1290 2713 αάτοις
1322 2637 1372 2720 τῶ
1403 2636 1512 2702 πᾶσιν
1541 2625 1658 2701 ἑαυτὸν

351 2733 518 2816 παρέχειν,
541 2721 655 2798 καθ’6
678 2723 699 2817 ἡ
722 2726 865 2803 ἑκάστου
879 2728 1018 2820 δύναμις
1039 2749 1143 2819 χωρεῖ
1162 2734 1222 2819 τῆς
1245 2725 1351 2800 αὐτοῦ
1372 2725 1546 2818 θεότητος
1566 2755 1658 2816 μετα·

352 2825 545 2916 λαγχάνειν·
567 2833 629 2916 τῆς
650 2837 891 2918 τρισμακαρέας
912 2834 1051 2912 ἐλπίδος
1064 2837 1120 2900 καλ
1135 2835 1195 2918 τῆς
1212 2825 1444 2917 ἀτελευτήτου
1457 2838 1516 2900 καὶ
1530 2823 1658 2914 ἆφθάρ

352 2954 417 2998 του
447 2933 537 3016 ζωῆς
566 2932 604 2998 ἐν
630 2924 745 3017 τούτῳ
768 2934 1064 3018 καταστησομένης
1094 2933 1147 3017 τῶ
1177 2932 1278 3011 τέλει,
1310 2931 1347 2999 ἐν
1378 2918 1407 3017 ᾦ
1440 2921 1459 2998 6
1490 2934 1553 3017 μὲν
1583 2923 1659 3007 θεὸς
1822 2952 1823 2957 ’

300 3045 333 3098 25
353 3029 446 3097 ἔσται
464 3024 598 3098 »πάντα
611 3031 649 3098 ἐν
662 3033 784 3099 πᾶσινι
804 3045 878 3110 ταῖς
893 3034 954 3118 τῆς
969 3024 1137 3116 θεότητος
1152 3023 1258 3098 αὐτοῦ
1272 3046 1502 3118 μαρμαρυγαῖς
1518 3025 1657 3098 άλέκτου

354 3125 471 3213 φωτὸς
492 3131 672 3214 ἐμπιπλῶν
694 3126 775 3209 τοὺς
796 3125 941 3211 πάντας,
969 3122 987 3198 6
1015 3132 1051 3197 δέ
1072 3127 1145 3209 υἱὸς
1166 3124 1434 3216 ἐναγαλλόμενος
1455 3133 1514 3197 καὶ
1534 3132 1659 3214 χαίρων

354 3231 406 3313 τῶ
425 3225 671 3315 κατορθώματι
701 3223 874 3313 στεφάνου
903 3232 1001 3314 δίκην
1030 3233 1253 3316 περιθέμενος
1279 3225 1360 3309 τοὺς
1390 3222 1436 3296 δι’
1463 3221 1573 3297 αὐτοῦ
1602 3228 1659 3310 τῆς

352 3320 603 3414 μακαριότητος
624 3322 831 3414 ἠξιωμένους
852 3322 919 3396 άπὸ
942 3322 1057 3414 ἐφόρῳ
1083 3333 1135 3416 τῷ
1157 3334 1261 3414 πατρὶ
1284 3324 1348 3415 τὴν
1369 3321 1487 3415 άγήρω
1510 3331 1567 3396 καὶ
1588 3318 1657 3393 άτε·

353 3421 523 3513 λεδτητον
544 3428 724 3495 διατελέσει
753 3434 937 3510 βασιλείαν,
969 3432 1042 3495 τῶν
1071 3433 1149 3514 περὶ
1180 3422 1286 3495 αὐτοῦ
1317 3432 1445 3513 λογίων
1475 3427 1657 3514 τηνικαῦτα

300 3538 335 3593 30
351 3529 681 3612 πληρωθησομένων
709 3530 783 3596 τῶν
814 3554 851 3595 τε
884 3523 1015 3609 ἄλλων,
1048 3524 1134 3612 άταρ
1164 3524 1205 3614 δή
1236 3530 1291 3596 καὶ
1322 3530 1397 3594 τῶν
1426 3528 1491 3594 τοῦ
1521 3518 1659 3611 άγγέλου

354 3620 501 3711 Γαβριὴλ
538 3621 626 3711 πρὸς
656 3622 721 3711 τὴν
750 3630 921 3713 παναγέαν
950 3631 1126 3711 παρθένον
1162 3633 1167 3711 Ι
1209 3628 1395 3713 εἰρημένων
1426 3628 1506 3710 περὶ
1536 3626 1598 3694 τοῦ
1625 3625 1658 3704 ἐξ
1675 3631 1724 3688 181
1822 3648 1823 3655 “

352 3717 457 3811 αὐτῆς
480 3728 744 3811 τεχθησομένου,
778 3720 826 3804 ῶς
853 3721 919 3810 ἄρα
947 3722 1149 3809 »βασιλεύσει
1171 3728 1218 3807 εἰς
1240 3722 1321 3806 τοὺς
1341 3727 1484 3807 αἰῶνας,
1516 3727 1571 3792 καὶ
1600 3723 1658 3807 τῆς

352 3829 520 3906 βασιλείας
542 3818 648 3892 αὐτοῦ
669 3819 731 3892 οὐκ
753 3826 845 3895 ἔσται
873 3829 999 3904 τέλοςι.
1044 3821 1232 3905 βασιλεύων
1263 3821 1304 3911 δή
1335 3817 1416 3893 τότε
1447 3815 1466 3892 6
1497 3819 1569 3902 υἱός
1599 3821 1686 3889 τυῦ3

353 3927 438 3993 θεοῦ
461 3922 542 4005 τούς
563 3916 620 3990 ὑπ’
643 3917 735 4011 αὐτῷ
751 3927 808 3995 86*
834 3928 1111 4011 βασιλευομένους
1131 3919 1265 4004 πάντας
1280 3928 1330 4011 τῷ
1347 3917 1454 3992 αὐτοῦ
1468 3917 1657 4011 παραδῶσει

439 4092 455 4145 1
476 4091 488 4143 Ι
506 4090 569 4146 Κοε.
588 4094 630 4147 16.
647 4092 681 4147 26
698 4091 986 4159 -41K0r.15,24
1003 4091 1432 4158 -8u.9fl1111<01.15‚28
1448 4120 1481 4130 -
1502 4089 1579 4145 1011
1596 4086 1656 4142 Kor.

352 4193 480 4255 6,16-
500 4192 568 4247 161
587 4192 650 4247 Κοε.
670 4193 736 4259 13,9
753 4222 787 4231 -
808 4192 1115 4253 1511110r.6‚16-
1135 4192 1287 4250 1611(οε.
1307 4194 1348 4257 15,
1365 4192 1399 4247 28
1416 4220 1451 4231 -
1471 4190 1532 4248 171
1554 4191 1579 4244 11
1596 4187 1655 4242 Κοε.

353 4294 377 4359 6,
397 4296 429 4349 16
446 4323 480 4332 -
498 4293 539 4349 26
556 4293 617 4348 Joh.
636 4295 677 4362 16,
694 4295 728 4351 38
744 4324 778 4333 -
797 4294 834 4349 21
858 4295 884 4347 ΙΙ
903 4294 966 4349 Kor.
984 4297 1008 4356 6,
1027 4296 1060 4350 16
1077 4323 1110 4333 -
1129 4294 1167 4349 26
1186 4294 1199 4347 I
1216 4294 1376 4356 Κοε.16,28
1392 4322 1427 4333 -
1444 4292 1483 4348 62
1505 4291 1573 4347 Luk.
1590 4292 1613 4358 1,
1625 4288 1656 4342 33

438 4436 598 4511 261ηκτον
620 4461 647 4496 m
679 4446 683 4510 Ι
716 4443 943 4513 ποιησόμενοςς
968 4441 1204 4512 ποιησόμενονθ
1236 4444 1240 4512 l
1275 4444 1289 4499 7
1314 4442 1375 4498 hier
1401 4460 1426 4498 a„
1445 4443 1476 4498 R„
1499 4436 1576 4499 oe'V
1605 4440 1610 4508 1
1639 4435 1656 4491 8

354 4544 448 4613 φήσαι
465 4544 506 4597 V*
524 4544 580 4613 vgl.
598 4544 622 4598 S.
642 4546 699 4611 166,
717 4546 751 4600 10
769 4546 912 4615 φήσαντος
930 4546 968 4599 V²
999 4548 1004 4615 l
1036 4545 1087 4601 616
1103 4542 1136 4599 τὸ
1155 4543 1220 4602 τότε
1237 4543 1265 4601 S.
1285 4545 1341 4612 137,
1360 4546 1393 4599 27
1426 4545 1431 4613 Ι
1463 4544 1501 4600 21
1525 4539 1558 4598 τδ
1575 4544 1656 4595 πᾶσιν

354 4645 403 4711 V*‚
421 4661 489 4699 corr.
507 4644 546 4698 V²
