3698 5510
315 472 374 534 128
903 465 1036 523 Eusebius

313 625 450 700 αύτοῦι.
493 626 580 701 ἀλλά
611 627 674 718 γάρ
706 626 844 699 τούτων
876 624 1046 701 ἀπάντων
1067 636 1180 718 σιωπῇ
1201 633 1379 718 παρέδωκε
1401 629 1481 712 τοῦς
1503 628 1662 719 λόγουςδ

314 736 442 820 Μωσῆς
467 737 588 816 καίπερ
615 726 678 800 οῦκ
707 721 760 799 ῶν
791 723 909 800 αύτῶν
938 734 976 801 ἐν
1005 725 1138 820 ἀγνοίᾳ,
1168 725 1315 800 πάντων
1345 735 1381 801 δέ
1410 729 1476 820 τήν
1505 726 1627 821 ἀκριβῆ

313 837 442 918 γνῶσιν
462 829 684 918 προειληφῶς
705 834 757 918 τῷ
780 835 866 918 θείῳ
888 827 1067 918 πνεύματι·
1087 827 1180 918 πλήν
1202 826 1359 919 οῦδαμῶς
1385 827 1503 902 αύτῶν
1523 835 1561 903 ἐν
1582 837 1627 920 τῆ

313 937 520 1020 κοσμοποιίᾳ
552 925 600 1010 ῶς
630 925 717 1017 πρὸς
748 934 811 1000 τοῦ
840 934 925 1000 θεοῦ
954 933 1149 1018 γενομένων
1178 926 1363 1019 ἐποιήσατο
1384 927 1527 1020 μνήμην.
1568 937 1663 1002 καίθ

279 1027 442 1100 δτοῦτου
463 1028 528 1119 τῆν
556 1030 669 1100 αἰτίαν
696 1023 767 1099 οὐδ’
789 1027 907 1116 ἑτέραν
934 1032 1023 1100 εἰποι
1053 1027 1097 1100 άν
1127 1057 1179 1110 τις
1208 1023 1231 1117 ῆ
1261 1027 1327 1120 τῆν
1357 1035 1628 1121 σκληροκαρδίαν

313 1135 378 1201 τοῦ
400 1135 486 1202 λαοῦ
507 1135 717 1217 γεγενῆσθαι,
740 1123 856 1217 ῶσπερ
878 1119 940 1200 οῦν
962 1123 1064 1210 αῦτὸς
1086 1130 1236 1213 ἐδίδαξεν
1257 1124 1276 1200 ό
1299 1126 1426 1221 σωτῆρ.
1460 1137 1517 1200 καὶ
1539 1127 1629 1202 ἄλλα

314 1235 349 1300 δέ
370 1236 471 1319 μυρία
493 1229 579 1300 εἰναι
606 1232 643 1299 ἐν
671 1234 713 1317 τῇ
740 1233 804 1298 τοῦ
830 1225 962 1311 παντὸς
989 1224 1147 1299 συστάσει
1171 1224 1297 1316 μάθοις
1318 1225 1362 1301 άν
1392 1232 1429 1300 ἐκ
1461 1234 1534 1301 τῶν
1565 1234 1629 1320 τῆς

313 1333 432 1417 καινῆς
453 1327 621 1419 διαθήκης
641 1323 923 1417 ἀναγνωσμάτων
951 1323 1022 1398 οῦδ
1046 1319 1135 1410 όλως
1156 1330 1194 1400 ἐν
1215 1335 1259 1417 τῆ
1281 1333 1435 1412 Μωσέως
1457 1326 1629 1418 φερόμενα

314 1433 440 1516 γραφῇ·
477 1424 540 1499 οῦκ
569 1420 631 1500 οῦν
657 1423 905 1516 ἐμνημόνευσεν
926 1422 1043 1516 ἀρχῶν
1063 1422 1135 1498 οὐδ’
1156 1432 1320 1514 ἐξουσιῶν
1341 1424 1419 1500 ούδε
1440 1452 1629 1519 κοσμοκρά-

263 1534 298 1589 10
315 1523 432 1615 τόρων
451 1524 530 1599 οῦδὲ
551 1533 796 1617 πνευματικῶν
823 1532 904 1616 »τῆς
924 1533 1124 1616 πονηρίαςι,
1155 1524 1242 1615 πρός
1270 1525 1292 1599 ἃ
1318 1527 1386 1617 τήν
1409 1524 1526 1617 πάλην
1547 1524 1627 1619 ήμίν

315 1624 516 1699 συνεστάναι
539 1632 640 1717 φησίν
663 1621 682 1697 ό
704 1638 798 1709 θεῖος
820 1622 1022 1709 ἀπόστολος.
1058 1632 1091 1697 τί
1111 1620 1190 1711 οῦν;
1211 1632 1284 1700 ἐπεὶ
1301 1625 1387 1718 μήτε
1401 1627 1495 1716 παρὰ
1508 1635 1662 1700 ΜωσεΗ

313 1724 398 1818 μήτε
424 1725 518 1816 παρά
546 1745 618 1810 τοῖς
644 1739 778 1810 λοιποῖς
804 1723 1000 1816 προφήταις
1025 1732 1146 1814 σαφῶς
1175 1730 1268 1798 ἐστιν
1298 1723 1408 1817 εῦρεῑν
1438 1727 1521 1810 τοῦς
1549 1734 1629 1818 περὶ

315 1825 455 1898 τούτων
477 1824 609 1916 λόγους,
631 1822 842 1915 ἀπιστητέον
864 1833 915 1916 τῶ
938 1821 1139 1912 ἀπσστόλῳ;
1160 1819 1335 1914 ῆέπειδάν
1350 1833 1414 1899 τοῦ
1428 1834 1504 1899 τῶν
1517 1854 1629 1915 κρειτ-

315 1923 433 1999 τόνων
453 1923 626 2016 τάγματος
652 1920 672 1997 δ
694 1922 798 2009 αύτὸς
819 1923 924 1997 πάλιν
949 1924 1143 2015 μνημονεύῃ
1168 1930 1279 2015 λέγων
1304 1925 1369 1998 τὸν
1390 1925 1543 2013 Χριστὸν
1572 1930 1629 1998 »ἐν

266 2040 298 2094 15
316 2032 425 2120 δεξιᾷ(
451 2032 514 2098 τοῦ
534 2031 619 2097 θεοῦ
638 2032 845 2113 καθέζεσθαι
868 2020 1045 2111 »ὑπεράνω
1067 2021 1176 2114 πάσης
1199 2022 1301 2115 ἀρχῆς
1321 2032 1378 2098 καί
1399 2029 1555 2112 ἐξουσίαςΙ
1570 2032 1628 2097 καί

316 2123 491 2214 δυνάμεως
526 2131 582 2196 καί
617 2120 820 2213 κυριότητος
850 2129 906 2194 καί
935 2123 1068 2207 παντὸς
1101 2118 1270 2214 ὀνόματος
1300 2119 1554 2216 ὀνομαζομένου
1584 2121 1627 2198 ού

315 2222 425 2314 μόνον
447 2229 484 2296 ἐν
507 2231 558 2314 τῷ
581 2229 683 2296 αἰῶνι
712 2222 828 2314 τούτῳ
859 2220 947 2296 ἀλλὰ
976 2231 1032 2294 καί
1062 2230 1100 2295 ἐν
1130 2231 1181 2314 τῷ
1211 2231 1406 2314 μέλλοντα,
1437 2232 1494 2298 καὶ
1525 2217 1662 2309 αύθιςΒ

316 2321 455 2397 ἐπειδάν
485 2319 634 2413 ὀνομάζῃ
663 2319 813 2414 θρόνους
842 2329 899 2395 καὶ
929 2319 1134 2413 κυριότητας
1162 2330 1218 2395 καὶ
1248 2321 1352 2414 ἀρχάς
1386 2333 1443 2398 καί
1473 2329 1626 2413 ἐξουσίας

316 2429 428 2515 λέγων
461 2429 516 2495 »ἐν
542 2419 636 2514 αύτῷ
659 2422 723 2513 γάρ
745 2428 886 2512 ἐκτίσθη
909 2422 951 2494 τά
972 2419 1087 2495 πάντα
1109 2421 1152 2495 τά
1173 2427 1211 2495 ἐν
1232 2443 1305 2506 τοῖς
1326 2421 1484 2515 οῦραναῖς
1505 2430 1561 2496 καί
1582 2423 1627 2498 τά

264 2539 299 2595 20
315 2527 368 2595 ἐπί
392 2529 455 2613 τῆς
475 2529 549 2613 γῆς,
579 2522 624 2595 τὰ
646 2519 755 2612 ὁρατὰ
776 2530 833 2594 καί
853 2521 897 2595 τά
928 2519 1071 2610 ἀόρατα,
1103 2525 1170 2594 είτε
1191 2520 1317 2613 θρόνοι
1338 2526 1406 2596 εἰτε
1427 2521 1628 2615 κυριότητες

315 2627 383 2695 είτε
409 2620 507 2713 ἀρχαὶ
534 2627 602 2695 εἴτε
626 2627 807 2710 ἐξουσίαιι,
838 2613 890 2708 ἀρ’
920 2618 962 2692 οῦ
982 2618 1145 2712 προσήκει
1167 2627 1277 2694 ταῦτα
1297 2629 1548 2713 παραδέχεσθαι
1570 2623 1627 2696 διὰ

316 2720 356 2793 τό
378 2720 463 2812 μήτε
485 2727 612 2794 Μωσὲα
633 2719 719 2812 μήτε
741 2720 823 2803 τοῦς
845 2720 986 2804 λοιπούς
1006 2718 1190 2811 προφήτας
1210 2728 1287 2810 περὶ
1309 2721 1447 2795 τούτων
1467 2736 1628 2813 προειλη-

315 2828 430 2909 φέναι;
452 2817 474 2910 ἢ
493 2817 622 2894 ταύτόν
642 2829 698 2892 καί
719 2828 797 2910 περί
818 2819 955 2892 τούτων
976 2825 1125 2912 ἐροῦμεν,
1149 2818 1198 2906 ῶς
1220 2817 1280 2910 σύγ
1302 2821 1370 2893 οἶοί
1391 2850 1430 2893 τε
1445 2814 1531 2911 ῆσαν
1544 2822 1628 2907 τούς

314 2929 392 3010 περί
414 2920 553 2993 τούτων
573 2919 793 2992 πιστεύεσθαι
814 2917 936 3008 λόγους
958 2923 990 2993 οἰ
1007 2918 1317 3011 »σκληροτράχηλοι
1330 2928 1386 2991 καί
1402 2918 1628 3013 ἀπερίτμητοι

264 3032 299 3088 26
316 3028 359 3108 τῆ
380 3024 500 3112 καρδίᾳ
521 3028 578 3091 καὶ
599 3039 672 3103 τοῖς
695 3016 816 3104 ῶσίνι;
838 3021 889 3105 οἷς
911 3016 989 3092 οῦδὲ
1009 3027 1086 3109 περὶ
1106 3027 1168 3111 τῆς
1182 3020 1256 3092 ἀνω
1268 3016 1487 3112 Ἰερουσαλήμ
1508 3018 1628 3094 άνειιά·
1648 3039 1706 3097 1⁸⁸

316 3131 450 3192 λυπτον
481 3122 514 3191 οἱ
544 3126 607 3192 τοῦ
637 3125 722 3191 θεοῦ
751 3126 942 3209 προφῆται,
973 3115 1088 3209 ῶσπερ
1119 3113 1181 3191 οῦν
1211 3126 1254 3208 τῇ
1285 3124 1444 3212 ἐκκλησίᾳ
1476 3126 1629 3211 Χριστοῦ

315 3224 494 3305 διασαφῶν
515 3226 571 3290 καί
594 3218 675 3301 τοῦς
695 3227 772 3306 περί
794 3218 921 3308 ταύτης
943 3217 1067 3308 λόγους
1089 3214 1108 3290 ὁ
1130 3225 1266 3303 Παῦλος
1287 3218 1368 3307 ἐβόα
1395 3227 1506 3310 λέγων
1530 3217 1569 3311 νή
1592 3227 1629 3293 δὲ

316 3316 390 3389 ἄνω
412 3313 622 3408 Ἰερουσαλήμ
643 3321 806 3407 ἐλευθέρα
827 3324 928 3404 ἐστίν,
951 3315 1027 3408 ήτις
1048 3321 1141 3390 ἐστίν
1154 3317 1265 3409 μήτηρ
1279 3316 1408 3410 ήμῶυι,
1429 3326 1486 3391 καί
1507 3344 1628 3410 επροσ·

317 3416 509 3505 εληλύθατε
530 3419 628 3490 Σιῶν
650 3411 722 3505 ὄρει
742 3425 798 3489 καί
819 3413 919 3490 πόλει
934 3425 1020 3491 θεοῦ
1035 3423 1176 3506 ζῶντος,
1196 3415 1407 3510 Ἰερουσαλήμ
1422 3424 1628 3510 ἐπουρανίῳ,

266 3532 300 3587 30
316 3524 370 3587 καὶ
392 3515 547 3607 μυριάσιν
573 3513 740 3608 ἀγγέλων,
771 3516 955 3606 πανηγύρει
984 3523 1040 3588 καί
1061 3521 1219 3609 ἐκκλησία
1240 3517 1484 3609 πρωτοτόκων
1506 3516 1629 3609 ἀπογε-

316 3624 518 3706 γραμμένων
540 3622 578 3689 ἐν
600 3614 786 3706 οῦρανοῑςι.
830 3623 957 3707 λεγέτω
978 3615 1064 3706 πρὸς
1086 3623 1196 3689 ταῦτα
1218 3615 1425 3706 Μάρκελλος,
1446 3625 1478 3691 εἰ
1499 3616 1571 3702 οἰός
1590 3627 1665 3694 τέυ

316 3720 410 3787 ἐστιν
430 3722 468 3787 ἐκ
489 3723 564 3787 τῶν
584 3722 744 3788 παλαιῶν
765 3713 974 3804 γραμμάτων
999 3714 1065 3804 τήν
1090 3715 1229 3789 τούτων
1256 3724 1443 3806 προφέρειν
1472 3724 1629 3791 διδασκα-

317 3822 404 3888 λίαν.
444 3822 472 3887 εἰ
494 3821 530 3886 δὲ
550 3814 596 3906 μή
617 3811 773 3904 εύρλσκοι,
795 3814 862 3903 τήν
884 3816 995 3886 αἰτίαν
1017 3812 1214 3888 ἀποδιδότω
1236 3811 1279 3887 δι’
1301 3814 1344 3906 ἢν
1361 3815 1630 3907 οεσιῶπητοίλ*
1647 3837 1683 3892 10

317 3933 392 3996 τοῖς
412 3921 476 3986 τοῦ
497 3922 582 3985 θεοῦ
601 3912 798 4004 προφήταις
820 3909 929 3984 ταῦτά
951 3941 988 3983 τε
1009 3911 1125 3986 πάντα
1145 3920 1201 3984 καί
1227 3913 1315 3987 ἄλλα
1336 3912 1476 3998 τούτοις
1498 3914 1629 4005 ἀδελφὰ

266 4027 301 4083 35
317 4019 427 4102 μυρία,
448 4019 526 4103 περὶ
549 4004 601 4083 ῶν
623 4009 643 4084 ό
665 4009 768 4094 αὐτὸς
790 4008 983 4095 ἀπόστολος
1004 4008 1089 4102 ύπέρ
1111 4008 1209 4103 ήμῶν
1226 4017 1335 4087 ἐδεῖτο
1356 4022 1421 4086 τοῦ
1435 4022 1530 4101 θεοῦ,
1556 4020 1630 4089 »ἵνα

403 4181 444 4238 ει
458 4181 558 4237 εοεαε.
577 4184 617 4245 19,
634 4183 659 4237 ε.
689 4179 777 4235 mark.
797 4182 837 4246 10,
854 4183 871 4235 ε
888 4211 922 4219 -
943 4181 991 4237 ιιι
1010 4179 1079 4251 τρι.
1097 4181 1122 4249 ο,
1141 4182 1173 4236 12
1190 4212 1224 4221 -
1243 4183 1283 4240 14
1298 4183 1367 4256 τρε.
1386 4188 1410 4251 1,
1427 4186 1469 4242 ω.
1487 4187 1520 4241 21
1538 4216 1572 4226 -
1592 4187 1631 4242 ιε

318 4282 380 4338 ιτα.
407 4284 431 4349 1,
458 4286 491 4338 ιο
516 4313 549 4322 -
576 4282 617 4338 ει
643 4285 704 4337 Act.
723 4284 747 4344 τ,
764 4284 796 4337 α
824 4311 858 4321 -
884 4282 922 4339 ει
952 4282 1012 4337 αα.
1030 4287 1054 4350 ι,
1073 4284 1107 4339 ιι
1132 4313 1166 4323 -
1192 4283 1230 4340 ιε
1255 4283 1338 4341 nem.
1357 4286 1398 4354 12,
1416 4287 1458 4342 22.
1476 4289 1511 4344 ιε
1531 4318 1566 4328 -
1592 4288 1631 4344 ει

318 4382 387 4454 Eph.
405 4385 429 4452 3,
447 4383 487 4438 18.
507 4384 539 4439 ω

403 4530 590 4588 θσῦκοῦνῦ
620 4534 626 4599 1
660 4533 696 4588 ll
714 4533 786 4602 μήτε
804 4553 832 4589 m
849 4534 979 4603 μηδέθ*
1010 4538 1014 4603 Ι
1049 4536 1088 4591 Ιθ
1106 4531 1138 4591 ἐν
1155 4533 1231 4607 αὐτῷ
1250 4532 1315 4607 γάρ]
1335 4530 1591 4611 ὅτιέναῦτιγλΝΤ
1627 4540 1631 4607 ί

320 4634 359 4689 22
378 4631 599 4705 προειρηκέναιῖ
615 4632 698 4689 Loofn
