3698 5510
575 478 610 534 de
626 479 812 575 εοοΙοοίεελίοε
828 479 971 552 theologia
988 482 1013 534 II
1031 482 1079 536 3-
1082 484 1106 538 6
1444 489 1502 552 103

279 648 301 718 5
332 647 361 714 εί
381 648 419 713 δέ
441 648 532 731 λέγοι
555 640 756 731 Μάρκελλος
778 641 842 715 τόν
864 642 969 733 λόγον
991 644 1076 715 είνοι
1098 651 1161 716 τοῦ
1183 650 1267 716 θεοῦ
1288 642 1352 715 τόν
1374 671 1503 733 σαρκω-
1522 652 1566 712 θτι
1600 664 1689 717 ταυτα

194 749 314 826 θέντα,
336 737 410 815 άλλ
434 738 626 833 ἇχαίριστον
647 739 754 814 αύτόν
781 740 930 834 ύρίσατο
957 745 1044 816 εἶναι
1066 750 1130 817 τοῦ
1152 750 1249 828 θεοῦ,
1271 740 1403 833 μονάδα
1425 743 1504 827 δούς
1521 724 1614 850 νὲζζζν
1636 725 1689 853 {76

194 837 404 931 άδιαίρετον,
435 849 491 913 καί
517 849 597 932 μίαν
622 839 810 964 ὑπόστασιν
833 851 896 916 τοῦ
918 850 1003 916 θεοῦ
1023 851 1080 915 καί
1110 873 1174 914 του
1159 848 1232 915 ἐν
1263 840 1358 935 αύτῷ
1390 840 1504 933 λόγου,
1567 859 1637 919 υίον.

193 939 242 1025 αός
268 937 348 1032 μηδ’
372 942 490 1029 ἕτερον
520 961 612 1014 νοεῖν
638 942 702 1062 τόν
715 940 1065 1114 ἒένανθρωπῆσανταὲ
1068 940 1144 1015 κατ)
1166 941 1274 1014 αύτόν
1303 939 1325 1033 6
1355 942 1419 1015 τὸν
1449 947 1492 1014 ἐπ
1492 951 1504 1015 ί

159 1039 339 1114 δπαντοον
353 1038 447 1112 θεον.
482 1046 512 1112 εί
530 1047 566 1113 δέ
587 1038 694 1131 μονάς
715 1047 807 1114 ἐστιν
830 1039 1068 1130 ἀδιαίρετοςέ
1069 1070 1146 1114 ντε
1167 1051 1223 1114 καί
1239 1038 1401 1115 ταύτόνό
1424 1041 1506 1126 θεὸς

190 1150 247 1213 καί
276 1136 358 1213 όέν
379 1137 474 1232 αύτῷ
498 1138 613 1231 λόγος,
644 1151 700 1213 καί
731 1151 807 1215 τίνα
834 1140 877 1214 άν
899 1148 988 1215 είποι
1009 1173 1061 1227 τις
1082 1149 1226 1232 πατέρα,
1257 1150 1335 1214 τίνα
1361 1148 1397 1214 δὲ
1418 1139 1504 1225 υίόν,

191 1240 269 1324 ἑνός
293 1234 397 1324 όντος
419 1247 483 1364 w6
503 1237 737 1362 ύποκειμένοα
759 1237 853 1313 ούτω
874 1249 936 1332 μὲν
958 1242 999 1334 δὴ
1014 1239 1216 1366 Μάρκελλος
1230 1237 1420 1332 υίοτιάτορα
1440 1239 1505 1311 τὸν

191 1342 251 1413 ίνα
274 1349 332 1412 καί
355 1339 419 1413 τόν
439 1337 547 1413 αύτόν
568 1340 712 1430 εἰσάγων
735 1341 798 1413 τόν
820 1349 1012 1428 Σαβίλλιον
1034 1339 1182 1414 άνενέου
1213 1348 1219 1426 Ι
1392 1404 1400 1419 ,
1523 1357 1582 1414 168

274 1448 298 1513 6
336 1437 357 1530 ἡ
391 1447 427 1513 δέ
462 1444 627 1562 ἐκκλησία
656 1447 720 1512 τοῦ
755 1449 839 1514 θεοῦ
868 1450 924 1513 καί
956 1442 1020 1533 τῆν
1055 1439 1185 1531 μονάδα
1215 1441 1281 1531 τῆν
1312 1437 1504 1530 άδιαίρετον
1521 1454 1628 1528 θπωςη
1646 1455 1689 1516 ἐκ

141 1551 174 1606 10
189 1549 319 1632 γνωρίζ
319 1570 357 1626 ει,
301 1534 500 1631 ζμίαν’
479 1539 586 1631 αρχῆν
608 1535 830 1630 ὁμολογοῦσα,
853 1540 917 1612 τόν
939 1542 997 1612 ἕνα
1011 1549 1067 1614 καί
1082 1537 1272 1664 άγέννητον
1285 1539 1376 1612 καί”
1356 1569 1505 1628 αναρχον
1521 1546 1539 1581 ²
1534 1527 1690 1651 gfflaffl

189 1638 291 1713 θεόν·
315 1648 371 1712 καί
392 1638 457 1712 τόν
478 1645 513 1726 ἐξ
535 1636 641 1711 αύτοῦ
663 1645 699 1711 δὲ
721 1647 934 1730 γεννηθέντα
955 1648 1123 1732 μονογενῆ
1143 1637 1228 1725 υίύν,
1251 1637 1397 1729 ἀκριβοῦς
1420 1633 1505 1711 ὄντα
1563 1665 1652 1734 20ny

189 1749 247 1813 καὶ
270 1748 389 1828 ζῶντα
411 1747 466 1811 καί
487 1735 685 1826 ῦφεστῶτα,
717 1748 856 1832 σωτῆρα
886 1738 1121 1831 ἐπιγράφεται,
1153 1737 1216 1812 ούκ
1242 1738 1391 1861 ἄναρχον
1418 1732 1504 1811 όντα

191 1838 273 1915 ούδέ
286 1837 502 1961 άγέννητον,
532 1838 655 1909 ίνα
615 1869 660 1929 μη
686 1836 794 1911 660’
773 1839 876 1928 αρχάς
897 1846 953 1910 καί
975 1838 1037 1911 δύο
1059 1840 1161 1925 θεούς
1190 1837 1437 1929 ῦποστῆσηται,
1468 1844 1504 1926 ἐξ

190 1938 302 2013 αύτου
286 1945 360 2011 δέ
380 1946 592 2030 γεννηθέντα
614 1946 678 2011 τοῦ
698 1937 829 2028 πατρὸς
850 1936 950 2012 καί’
929 1939 1035 2031 αρχῆν
1051 1943 1172 2029 ἔχοντα
1187 1937 1251 2010 τὸν
1270 1934 1504 2028 γεγεννηκότα

143 2050 173 2102 15
191 2040 244 2113 διὸ
267 2037 443 2111 πιστεύειν
463 2046 673 2128 παρείληφεν
706 2043 752 2121 είς
783 2040 843 2111 ἐνα
876 2037 962 2111 θεόν
991 2046 1123 2131 πατέρα
1152 2035 1417 2127 παντοκράτορα
1447 2045 1503 2109 καί
1537 2047 1554 2102 2

190 2146 239 2225 είς
262 2137 328 2211 τόν
349 2136 469 2227 κύριον
491 2134 588 2228 ἡμῶν
609 2135 734 2228 Ἰησοῦν
756 2135 922 2228 Χριστόν,
950 2138 1014 2211 τὸν
1035 2145 1204 2229 μονογενῆ
1227 2145 1291 2210 τοῦ
1311 2143 1396 2211 θεοῦ
1417 2135 1502 2221 υίόν,
1589 2184 1595 2197 1

191 2247 254 2330 τῆς
278 2234 375 2328 άγίας
396 2236 522 2326 ταύτης
543 2244 599 2308 καί
624 2244 786 2328 μυστικῆς
807 2245 954 2321 πίστεως
981 2236 1046 2328 τὴν
1072 2243 1110 2310 ἐν
1133 2245 1271 2329 Χριστῷ
1294 2234 1504 2326 παρεχούσης

191 2337 421 2431 άναγέννησιυ
451 2356 523 2420 τοῖς
553 2334 600 2408 δι
622 2333 726 2457 αὐτῆς
748 2343 1003 2426 φατιζομένοις
1047 2334 1133 2410 άλλά
1160 2338 1226 2429 τῆν
1246 2334 1379 2428 μονάδα
1401 2342 1504 2425 φησίν

193 2437 397 2529 Μάρκελλος
418 2441 565 2529 ἐνεργείηι
586 2434 835 2521 πλατύνεσθαι,
861 2429 898 2525 <ο
890 2430 915 2525 >
937 2441 992 2508 ἐπὶ
1013 2443 1076 2526 μὲν
1096 2434 1282 2558 σημάτων
1290 2436 1407 2525 χώραν
1428 2437 1503 2524 ἔχει,

143 2544 176 2601 20
192 2542 248 2610 ἐπὶ
273 2543 309 2610 δέ
335 2542 396 2626 τῆς
423 2532 607 2625 ἀσωμάτου
634 2542 691 2607 καί
721 2532 867 2607 άλέκτου
897 2545 954 2608 καί
980 2533 1216 2659 άνεκφράστου
1241 2532 1355 2617 ούσίας
1382 2531 1503 2606 ούκέτι

193 2635 275 2711 οῦδὲ
305 2637 369 2727 γάρ
399 2641 437 2709 ἐν
467 2642 518 2725 τῷ
550 2641 696 2725 ἐνεργεῖν
725 2640 781 2709 63¹
801 2635 1013 2707 πλατύνεται
1043 2632 1119 2709 οὐδ’
1150 2639 1188 2706 έν
1213 2642 1265 2726 τῷ
1286 2634 1331 2725 μῆ
1354 2639 1502 2724 ἐνεργεῖν
1536 2651 1554 2706 3

191 2744 427 2820 συστέλλεται,
465 2730 540 2808 οὐδ’
576 2729 668 2818 όλιος
703 2729 830 2824 ὁμοίως
864 2731 1066 2823 ἀνθρώποις
1101 2740 1229 2825 ἐνεργεῖ
1263 2730 1337 2807 οὐδ’
1375 2728 1502 2824 όμοίοος

193 2834 399 2925 ἀνθρώποις
419 2852 575 2907 κινεῖται·
604 2833 712 2926 μονάς
734 2842 769 2907 δέ
792 2827 844 2906 όον
867 2830 1055 2921 ἀδιαίρετος
1086 2830 1105 2907 6
1136 2834 1219 2919 θεὸς
1250 2833 1312 2907 τὸν
1334 2841 1503 2925 μονογενῆ

192 2933 303 3009 αύτοῦ
325 2934 401 3007 υίὸν
422 2940 457 3022 ἐξ
479 2934 601 3006 ἑαυτοῦ
621 2939 751 3024 ἐγέννα,
775 2931 816 3007 ού
837 2932 1068 3022 διαιρούμενος
1084 2930 1158 3009 ούδ’
1182 2930 1405 3026 άλλοίωσινῆ
1427 2963 1503 3023 τρο·

144 3051 175 3106 25
192 3038 265 3127 πὴν
296 3031 318 3125 6
348 3035 431 3126 ῥοὴν
461 3030 483 3125 6
513 3063 548 3105 τι
577 3031 692 3117 πάθος
720 3032 912 3123 ύπομένιον.
963 3031 1042 3106 οῦδὲ
1071 3034 1135 3124 γὰρ
1165 3033 1397 3123 προστάττων
1428 3030 1503 3108 οὐδ’
1538 3050 1556 3102 4

192 3131 451 3226 ἐγκελευόμενος
466 3129 544 3205 οῦδὲ
559 3141 772 3223 νομοθετῶν,
783 3129 910 3225 ὁμοίως
926 3129 1127 3223 άνθροόποις
1142 3134 1281 3224 γλάττη
1291 3142 1346 3205 καί
1361 3143 1505 3223 χείλεσιν

192 3242 325 3320 λαλῶν,
357 3241 466 3306 ταῦτα
486 3230 645 3323 πράττει,
678 3232 757 3306 ούδέ
778 3262 814 3323 γε
837 3231 981 3321 άφορῶν
1003 3238 1049 3317 εἰς
1072 3234 1137 3324 τῆν
1159 3242 1222 3307 τοῦ
1243 3233 1373 3317 παντὸς
1396 3230 1506 3305 διακό-

193 3357 315 3423 σμησιν
336 3328 464 3424 ὁμοίως
486 3328 566 3424 ἡμῖν
592 3328 787 3423 όφθαλμοῖς
811 3333 986 3423 χρώμενος
1007 3337 1203 3421 ἐνατενίζει,
1237 3328 1344 3404 όπότε
1365 3341 1421 3405 καί
1445 3332 1506 3403 »τά

192 3433 237 3523 μῆ
266 3428 368 3505 ὄντα(
401 3435 586 3522 προλαβών
613 3431 750 3524 άρρῆτῳ
781 3440 837 3504 καί
867 3439 965 3521 θεῖκῆ
996 3429 1133 3521 δυνάμει
1164 3428 1213 3516 οῦς
1243 3430 1307 3523 ῆδη
1334 3425 1419 3503 ὄντα
1449 3438 1504 3504 καί

144 3546 176 3603 30
192 3529 376 3621 ῦφεστῶτα
406 3543 538 3621 θεωρεῖ.
581 3529 656 3606 άλλ’
688 3530 767 3605 οῦδὲ
797 3538 912 3605 ποιοῦν
941 3539 997 3603 καί
1028 3536 1244 3622 δημιουργοῦν
1274 3528 1401 3622 ὁμοίως
1433 3550 1504 3615 τοῖς
1539 3544 1556 3599 6

192 3629 274 3721 παρ’
296 3628 375 3723 ἡμῖν
403 3640 570 3722 τεχνίταις
591 3638 889 3722 προῦποκειμένην
911 3624 997 3720 ῦλην
1019 3633 1136 3717 λαβὼν
1161 3640 1274 3723 χερσίν
1300 3639 1356 3704 καί
1384 3629 1504 3704 δακτύ-

193 3742 267 3815 λοις
289 3739 515 3815 τεκταίνεται,
544 3729 682 3824 άρρῆτρο
706 3737 741 3803 δέ
763 3729 869 3803 πάλιν
889 3737 945 3802 καί
968 3727 1202 3823 άκαταλῆπτῳ
1225 3729 1363 3820 δυνάμει
1385 3736 1420 3817 ἐξ
1442 3728 1504 3803 οῦκ

194 3824 312 3904 όντων
334 3836 380 3913 είς
401 3830 443 3904 τό
466 3833 553 3904 είναι
575 3831 639 3922 τῆν
666 3838 741 3902 τῶν
766 3837 923 3921 γενητῶν
949 3826 1118 3903 άπάντοον
1139 3828 1354 3920 ύπεστῆσατο
1377 3828 1502 3901 ούσίαν.

193 3935 223 4002 εί
245 3931 287 4021 δῆ
310 3923 373 4003 οῦν
393 3926 508 4002 πάντα
536 3927 649 4021 λόγοις
680 3927 760 4021 ἡμῖν
790 3927 951 4021 άρρῆτοις
977 3937 1032 4001 καί
1055 3928 1309 4022 ἀσυλλογίστοις
1331 3934 1446 4012 ἐποίει,
1470 3936 1504 4000 τί

145 4041 177 4097 36
194 4029 236 4120 δῆ
257 4029 319 4121 χρὴ
343 4026 504 4120 άγωνιῦν,
526 4029 571 4121 μὴ
594 4025 721 4121 ὁμοίως
742 4049 816 4115 τοῖς
836 4039 981 4120 θνητοῖς
1004 4030 1104 4120 ζῴοις
1119 4029 1233 4115 πάθος
1254 4061 1288 4102 τι
1303 4038 1380 4119 περὶ
1396 4026 1503 4102 αύτόν

194 4133 346 4219 είποιμεν
377 4137 550 4219 γεγονέναι
577 4140 582 4216 Ι
610 4136 664 4203 ἐπί
694 4138 738 4220 τῆ
763 4136 826 4202 τοῦ
847 4134 922 4201 υίοῦ
944 4128 1113 4220 γεννήσει,
1141 4130 1183 4220 ἣν
1204 4126 1288 4219 ῦπέρ
1310 4126 1425 4202 πάντα
1446 4136 1502 4198 καί
1521 4145 1584 4205 ιοο

280 4299 374 4371 2νςῙ.
391 4300 438 4355 Nr.
456 4302 490 4357 62
507 4330 541 4341 -
559 4302 577 4357 5
595 4301 651 4371 vgl.
669 4300 715 4355 Nr.
734 4302 768 4357 62
790 4330 825 4341 -
854 4300 892 4356 11
906 4301 962 4371 vgl.
981 4301 1006 4355 S.
1024 4302 1067 4367 62,
1084 4302 1118 4356 33
1143 4329 1176 4340 -
1205 4299 1502 4370 181τς1Νε62-

195 4400 236 4457 28
253 4401 309 4470 vgl.
326 4400 373 4455 Nr.
390 4403 425 4457 62
442 4433 476 4442 -
494 4404 534 4460 28
552 4403 629 4457 Rom.
646 4406 672 4463 4,
690 4406 722 4457 11

282 4552 321 4608 16
339 4548 495 4624 ἀγέννητον
514 4554 552 4607 V²
568 4558 712 4624 μονογενῆ
728 4552 780 4609 τδυ
797 4553 838 4606 V*
856 4571 889 4607 w.
903 4568 926 4607 ο.
940 4552 995 4607 sch.
1028 4554 1032 4620 1
1067 4551 1104 4607 18
1122 4548 1204 4622 ἀλλὰ]
1223 4546 1284 4607 ἀλλ’
1302 4546 1346 4607 ὅτι
1364 4565 1406 4603 mr
1433 4550 1438 4618 Ι
1464 4550 1502 4606 111

195 4649 212 4708 ὃ
232 4653 287 4722 [(11
308 4655 347 4711 28
366 4651 523 4723 ἀνατενίζει
541 4654 573 4717 V.
592 4672 661 4710 corr.
679 4655 725 4710 Mo
741 4657 745 4724 Ι
765 4654 804 4710 64
824 4652 852 4709 εί
868 4655 900 4722 δῆ
919 4653 956 4707 ΚΙ
973 4650 1024 4722 ῆδη
1043 4653 1068 4707 V
1083 4655 1088 4721 Ι
1109 4654 1147 4709 86
1165 4654 1310 4723 γευῆσειί
1325 4657 1330 4723 Ι
1346 4652 1390 4724 ῆν]
1409 4648 1442 4709 δν
1455 4651 1504 4706 Mo
