3698 5510
572 475 607 532 δε
624 474 809 531 ecclesiastiea
825 476 969 546 theologia
985 476 1011 530 11
1028 476 1053 532 8.
1071 479 1095 533 9.
1430 487 1487 548 109

176 646 236 728 μὲν
267 631 375 711 οὖσαν
405 635 576 728 πρότερον
606 641 679 711 εἶτα
709 637 795 711 ἄλλο
831 647 866 710 τί
900 645 1103 729 γιγνομένην
1137 646 1192 711 καὶ
1227 638 1335 713 πάλιν
1369 647 1416 724 είς
1447 641 1487 714 τό

176 735 319 829 άρχαῖον
353 735 685 830 ἀποκαθισταμένην.
737 736 759 808 ἃ
789 738 831 831 δὴ
863 737 1061 827 Μάρκελλος
1091 735 1217 831 ἐτόλμα
1247 737 1486 827 ὑποτίθεσθαι,
1520 759 1539 813 4

174 836 282 911 πάλαι
304 845 367 929 μὲν
388 845 499 929 λέγων
521 839 607 912 εἶναι
630 836 693 911 τόν
714 838 799 911 θεὸν
819 846 878 911 καί
898 868 976 911 τινα
997 835 1138 929 ἡσυχίαν
1159 832 1226 928 άμα
1241 846 1292 930 τῷ
1307 848 1381 932 θεῷ
1405 837 1488 913 ῦπσ-

175 936 322 1029 γράφων
360 938 470 1030 ἐαυτῷ
510 935 597 1026 (κατ’
632 936 739 1012 αὐτὸν
769 945 900 1012 ἐκεῖνον
930 939 993 1011 τόν
1024 947 1098 1012 τῶν
1129 936 1247 1011 άθέων
1278 943 1490 1028 αἱρεσιωτῶν

144 1034 327 1127 ὀάρχηγόν
359 1032 398 1121 ός
424 1038 467 1111 τὰ
495 1037 583 1110 άθεα
605 1045 819 1129 δογματίζων
849 1036 1058 1127 άπεφαίνετο
1090 1046 1212 1127 λέγων·
1248 1030 1292 1129 ῆν
1322 1037 1405 1122 θεός
1434 1048 1489 1110 καί

174 1134 278 1227 σιγή),
307 1136 393 1226 μετὰ
416 1144 452 1209 δὲ
475 1139 541 1228 τῆν
562 1139 659 1229 σιγῆν
679 1147 736 1211 καί
758 1139 824 1230 τῆν
846 1135 985 1229 ἡσυχίαν
1007 1147 1192 1228 προελθεῖν
1215 1135 1278 1209 τόν
1300 1134 1406 1228 λόγον
1427 1146 1490 1210 τοῦ

174 1245 260 1310 θεοῦ
283 1241 323 1309 ἐν
347 1234 431 1359 άρχῆ
457 1244 519 1328 τῆς
544 1246 767 1329 κοσμοποιίας
797 1244 959 1328 δραστικῆ
990 1242 1151 1331 ἐνεργείᾳ·
1187 1233 1236 1320 ῶς
1265 1234 1380 1327 μηκέτ’
1404 1240 1489 1310 εἶναι

174 1334 292 1421 αῦτόν,
316 1338 390 1421 ολσς
412 1366 455 1427 ην
476 1341 513 1410 ἐν
537 1346 714 1410 σιωπῶντι
736 1345 788 1429 τῶ
811 1345 884 1429 θεῶ
906 1336 1079 1426 πρότερον
1093 1334 1279 1427 ἡσυχάζων,
1303 1334 1377 1410 ἀλλ’
1399 1343 1488 1426 ἐνερ·

174 1455 245 1526 γεῖν
276 1434 531 1527 προερχόμενον
562 1444 625 1510 τοῦ
655 1444 748 1509 θεοῦ.
789 1445 846 1509 καὶ
876 1444 952 1519 πῶς
982 1436 1047 1525 ἄρα
1077 1434 1214 1526 προῆει;
1248 1435 1391 1521 πάντως
1421 1466 1489 1510 που
1523 1452 1540 1506 5

129 1551 158 1604 10
172 1536 262 1609 κατὰ
285 1537 471 1627 προφορὰν
493 1544 612 1629 φωνῆς
626 1534 806 1627 ἐνάρθρου,
830 1543 1068 1626 φθεγγομένου
1082 1536 1210 1627 δηλαδὴ
1228 1545 1284 1609 καί
1299 1544 1489 1621 λαλοῦντος

174 1643 235 1708 τοῦ
268 1643 358 1709 θεοῦ
388 1632 514 1727 ὁμοίως
546 1632 752 1725 ἀνθρώποις.
805 1644 909 1709 τοῦτο
939 1643 1025 1726 γοῦν
1054 1634 1149 1727 αῦτῶ
1181 1633 1289 1708 ἐδόκει
1319 1633 1489 1726 γράφοντι

173 1743 309 1809 τοῦτον
330 1734 395 1808 τόν
415 1734 549 1827 τρόπον

234 1841 312 1923 (Nr.
334 1843 386 1924 55)
410 1833 524 1925 ῶσπερ
547 1835 609 1925 γάρ
632 1835 675 1908 τά
697 1833 862 1927 γεγονότα
883 1834 997 1909 πάντα
1018 1833 1085 1909 ῦπό
1109 1834 1324 1925 τοῦπατρὸς
1351 1835 1406 1909 διό
1427 1842 1490 1909 τοῦ

234 1933 347 2025 λόγου
374 1941 526 2025 γέγονεν,
558 1931 651 2007 οῦτω
677 1943 734 2008 καὶ
761 1935 805 2007 τά
832 1934 994 2026 λεγόμενα
1015 1934 1083 2009 ῦπό
1106 1943 1168 2009 τοῦ
1197 1935 1329 2025 πατρὸς
1351 1936 1406 2009 διὰ
1428 1942 1490 2007 τοῦ

128 2049 157 2100 15
234 2033 347 2125 λόγου
367 2044 571 2125 σημαίνεται.

172 2144 227 2208 καὶ
249 2128 356 2218 αῦθις
1522 2146 1540 2200 5

236 2240 288 2324 (N
290 2265 313 2306 r.
335 2242 387 2322 56)
409 2232 525 2307 πάντα
547 2233 610 2325 γάρ
633 2228 695 2307 όσα
718 2232 761 2306 ἂν
783 2230 801 2307 ό
823 2236 938 2327 πατὴρ
961 2243 1055 2326 λέγῃ,
1087 2243 1196 2307 ταῦτα
1227 2242 1404 2325 πανταχοῦ
1434 2234 1488 2307 διὰ

236 2341 306 2407 τοῦ
327 2332 435 2423 λόγου
456 2342 568 2424 λέγων
590 2342 757 2422 φαίνεται.
801 2341 908 2407 τοῦτο
930 2341 966 2406 δέ
989 2332 1096 2424 δῆλόν
1118 2340 1211 2408 ἐστιν
1232 2344 1290 2407 καὶ
1310 2332 1369 2423 εἶφ’
1392 2331 1490 2426 ἡμῶν

236 2431 376 2519 αῦτῶν,
405 2427 468 2506 όσα
488 2433 589 2522 μικρὰ
612 2454 685 2518 τοῖς
705 2431 863 2524 μεγάλοις
884 2442 941 2505 καί
962 2443 1070 2518 θείοις
1093 2429 1282 2507 άπεικάσαι·
1317 2442 1373 2506 καὶ
1395 2432 1490 2524 ἡμεῖς

127 2544 158 2599 20
238 2535 308 2626 γὰρ
330 2531 446 2607 πάντα
468 2527 530 2605 όσα
553 2531 596 2605 ἂν
617 2539 776 2620 θέλωμεν
796 2532 884 2604 κατὰ
905 2530 947 2605 τό
963 2531 1112 2606 δυνατόν
1128 2540 1237 2625 λέγειν
1253 2562 1289 2606 τε
1305 2543 1362 2606 καί
1376 2553 1488 2606 ποιεῖν

236 2642 294 2726 τῷ
316 2630 470 2724 ἡμετέρῳ
492 2639 657 2722 ποιοῦμεν
677 2630 813 2724 λόγῳ..)
1507 2641 1563 2696 115

173 2742 201 2806 εί
223 2734 266 2825 δὴ
293 2727 355 2807 οῦν
377 2724 491 2815 οῦτως
512 2727 532 2805 ό
554 2730 656 2821 λόγος
681 2739 860 2822 προῆλθεν
891 2740 954 2805 τοῦ
984 2733 1115 2823 πατρὸς
1144 2739 1305 2823 δραστικῆ
1328 2738 1487 2825 ἐνεργείᾳ,
1523 2752 1538 2804 7

174 2832 293 2908 πόθεν
315 2838 505 2923 Μαρκέλλῳ
528 2837 681 2922 ἐπῆλθεν
701 2842 890 2922 περιορίσαι
911 2830 1040 2923 χρόνον
1061 2841 1104 2923 τῆ
1126 2839 1190 2906 τοῦ
1211 2830 1315 2923 λόγου
1341 2838 1489 2925 ἐνεργείᾳ

175 2934 241 3007 τὸν
263 2940 328 3024 τῆς
350 2939 559 3017 συντελείας,
590 2929 670 3005 καθ’
694 2926 735 3004 όν
757 2936 891 3005 ἔσεσθαι
912 2931 1034 3021 φάσκει
1055 2932 1120 3006 τὸν
1141 2929 1248 3021 λόγον
1269 2936 1307 3005 ἐν
1329 2940 1380 3024 τῷ
1403 2940 1488 3021 θεῷ,

127 3046 159 3101 25
176 3032 295 3123 ῶσπερ
317 3039 373 3105 καὶ
395 3029 566 3121 πρότερον
587 3023 631 3121 ῆν
659 3029 842 3122 (πρότερον
873 3039 909 3103 δέ
939 3031 1151 3123 ἡσυχάζοντα
1182 3029 1289 3105 αῦτόν
1316 3038 1428 3105 ἐδίδου
1454 3037 1491 3104 ἐν

176 3141 359 3207 σιωπῶντι
390 3138 443 3223 τῷ
474 3138 578 3222 θεῷίὶ
609 3127 734 3203 οῦκοῦν
764 3138 821 3203 καὶ
851 3133 936 3221 μετὰ
966 3133 1031 3222 τὴν
1062 3140 1258 3205 συντέλειαν
1289 3128 1408 3221 ἡσυχία
1439 3163 1491 3216 τις

177 3238 282 3319 ἔσται,
305 3237 410 3323 μηδὲν
431 3237 617 3321 μέλλοντος
639 3236 789 3320 ἐνεργεῖν
810 3237 874 3304 τοῦ
895 3236 1009 3322 λόγου.
1051 3229 1137 3305 ἄλλά
1159 3231 1227 3320 πρὸ
1249 3237 1310 3321 μὲν
1333 3238 1394 3321 τῆς
1416 3240 1490 3303 τῶν

176 3339 337 3423 γενητῶν
367 3329 559 3414 συστάσεως
585 3326 685 3402 οῦδὲν
715 3322 771 3420 ῆν,
803 3339 920 3422 φησίν,
951 3332 1044 3423 πλὴν
1073 3338 1172 3414 θεοῦ,
1203 3339 1258 3401 καὶ
1285 3336 1357 3403 ἐπεί
1387 3337 1490 3420 μηδὲν

177 3426 230 3523 ῆν,
255 3430 398 3515 είκότως
421 3432 532 3523 ἑαυτῷ
555 3430 621 3521 τῆν
643 3427 783 3521 ἡσυχίαν
804 3436 987 3503 ἐτυποῦτσ·
1022 3432 1109 3504 κατὰ
1136 3439 1171 3503 δέ
1198 3430 1262 3503 τόν
1291 3438 1351 3522 τῆς
1373 3456 1487 3503 συντε-
1521 3444 1539 3500 8

129 3546 161 3602 30
178 3540 270 3616 λείας
293 3529 415 3620 καιρόν
438 3531 563 3620 Δανιὴλ
586 3526 605 3602 ό
627 3528 809 3622 προφήτης
830 3530 897 3621 πρό
920 3537 983 3602 τοῦ
1004 3529 1136 3621 θρόνου
1150 3537 1213 3603 τοῦ
1227 3539 1313 3603 θεοῦ
1326 3527 1488 3621 μυριάδας

178 3634 316 3704 ἔσεσθαι
346 3639 499 3718 θεσπίζει
530 3635 643 3719 λέγων
682 3638 802 3718 »χίλιαι
835 3627 981 3719 χιλιάδες
1012 3630 1250 3721 ἐλειτούργουν
1286 3628 1396 3722 αῦτῶ,
1433 3638 1488 3702 καί

178 3731 294 3821 μύριαι
316 3728 474 3821 μυριάδες
500 3727 781 3817 παρειστήκεισαν
808 3735 999 3821 ἔμπροσθεν
1026 3728 1166 3817 αῦτοῦε,
1197 3729 1325 3814 πάντες
1355 3737 1393 3804 δέ
1421 3761 1490 3803 που
1523 3748 1539 3801 9

178 3837 235 3902 καὶ
259 3834 293 3903 ο1
313 3834 381 3902 υίοί
403 3837 467 3902 τοῦ
487 3838 677 3919 μέλλοντος
698 3836 825 3913 αίῶνος
846 3826 928 3902 τότε
951 3834 1085 3903 ἔσονται
1102 3835 1140 3901 αἴ
1158 3859 1195 3902 τε
1211 3828 1370 3920 μακάριαι
1385 3841 1489 3921 ψυχαί

180 3936 404 4019 πατριαρχῶν
430 3938 486 4001 καί
517 3937 709 4018 προφητῶν
736 3937 792 4000 καί
819 3927 1027 4002 ἀποστόλων
1053 3923 1131 4020 άγιά
1153 3958 1191 4003 τε
1212 3929 1389 4020 πνεύματα
1410 3960 1490 4022 μαρ-

131 4044 163 4099 35
181 4028 299 4119 τῦρων
319 4024 435 4102 πάντα
457 4058 495 4100 τε
517 4025 673 4116 πρόβατα
697 4036 759 4101 τοῦ
780 4036 936 4120 σωτῆρος
963 4026 1061 4119 ἡμῶν
1094 4029 1137 4101 τὰ
1168 4034 1205 4100 ἐκ
1236 4035 1357 4117 δεξιῶν
1385 4028 1491 4103 αὐτοῦ

266 4199 318 4255 Μ
342 4198 514 4269 53111592
540 4228 573 4238 -
601 4197 641 4254 51
664 4198 772 4266 Simon,
797 4200 853 4269 vgl.
871 4199 959 4266 Zahn,
982 4199 1106 4270 Ignatius
1125 4218 1149 4255 v.
1168 4204 1231 4255 Ant.
1250 4201 1275 4256 S.
1293 4201 1363 4257 390f
1386 4231 1419 4241 -
1445 4201 1495 4258 Μ

181 4301 238 4371 vgh
256 4300 361 4355 Nr.54.
381 4299 431 4354 108
448 4330 482 4338 -
500 4298 562 4355 841
578 4300 633 4369 vgl.
651 4299 698 4356 Nr.
716 4301 767 4356 108
784 4300 1422 4373 -25rvgl.Nr.92(54)-2uvg1.Nr.
1443 4303 1492 4358 108

183 4431 215 4441 -
234 4402 272 4458 81
291 4402 455 4466 Dan.7,10

267 4546 407 4626 θπροῇει
424 4552 580 4624 νλπροείη
599 4552 639 4606 V*
668 4554 672 4618 Ι
707 4552 742 4607 11
762 4552 842 4623 γοῦν]
861 4560 894 4617 ÷
911 4553 960 4608 καί
976 4553 1022 4608 ab.
1042 4554 1067 4607 δ.
1086 4554 1112 4609 Ζ.
1131 4556 1170 4607 V²
1201 4556 1205 4622 1
1238 4556 1276 4610 21
1290 4553 1439 4623 ποιοῦμεν]
1459 4562 1489 4615 †

59 4670 64 4681 ·
183 4655 233 4708 καλ
248 4652 370 4724 λέγομεν
387 4653 434 4710 Mo
466 4656 471 4722 Ι
504 4654 545 4710 24
562 4653 613 4709 τὸν
631 4653 670 4708 V²
687 4670 711 4707 a.
729 4653 761 4708 R
780 4655 830 4722 τῆν
849 4655 890 4709 V*
923 4658 927 4722 Ι
960 4655 998 4711 82
1018 4658 1106 4726 δὴπου
1124 4675 1152 4710 m
