3698 5510
599 490 635 547 de
651 491 837 547 ecclesiastica
853 491 996 562 theologia
1013 493 1038 545 11
1057 494 1131 548 1-3.
1459 498 1516 560 101

205 660 368 748 ἐποίησεν
390 654 471 738 τοῦς
492 658 648 739 αἰῶναςι.
690 659 810 726 καίίν
830 662 1029 746 Παροιμίαις
1056 653 1110 725 διά
1132 661 1344 744 Σολομῶνος
1371 650 1515 739 αῦτὸςό
1550 670 1566 723 3

205 755 280 839 υίὸς
316 764 393 845 περί
423 758 547 828 ἑαυτοῦ
578 752 725 828 διδάσκει
755 760 866 844 λέγων
903 751 1020 846 »ῆνίκα
1039 750 1232 876 ῆτοίμαζεν
1263 753 1327 825 τόν
1357 750 1515 843 οῦρανόν,

205 853 435 947 συμπαρῆμην
456 850 582 946 αῦτῷι
619 851 707 927 άλλὰ
728 861 783 927 καί
799 851 904 939 αῦτὸς
928 847 989 945 »ῆν
1011 853 1052 926 τὸ
1068 862 1152 942 φῶς,
1175 852 1216 925 τό
1233 860 1388 941 φωτίζον
1401 849 1517 925 πάντα

204 954 401 1042 ἄνθρωπον
423 951 604 1045 ἐρχόμενον
627 960 673 1037 είς
696 953 759 1026 τὸν
779 952 938 1043 κόσμονι,
954 955 1076 1077 <ἐπειδὴ
1100 959 1156 1026 νίν
1175 960 1226 1045 τῷ
1248 949 1365 1076 κόσμῳ
1387 946 1438 1042 ῆν,
1461 961 1516 1025 καί

169 1049 223 1126 5ό
246 1050 375 1145 κόσμος
396 1051 443 1126 δι’
464 1052 570 1127 αὐτοῦ
596 1059 761 1145 ἐγένετο(
803 1059 832 1125 εί
858 1060 893 1126 δὲ
926 1049 964 1125 τό
995 1052 1120 1142 κόσμος
1150 1049 1197 1125 δι’
1219 1049 1326 1124 αὐτοῦ
1351 1056 1515 1142 ἐγένετοτ,

202 1151 365 1275 δῆλον
336 1185 385 1237 ως
405 1161 627 1245 προϋπῆρχεν
649 1159 712 1225 τοῦ
733 1151 868 1243 κόσμου.
911 1151 973 1226 οῦκ
1004 1154 1069 1244 ἄρα
1098 1153 1203 1243 μόνος
1229 1146 1271 1243 ῆν
1297 1150 1316 1225 6
1344 1151 1426 1236 θεός
1447 1152 1515 1241 πρὸ
1549 1169 1566 1219 4

202 1260 267 1345 τῆς
292 1260 356 1326 τοῦ
376 1250 504 1344 κόσμου
526 1251 726 1339 συστάσεως
747 1262 853 1344 συνῆν
875 1260 910 1328 δὲ
932 1250 1026 1346 αὐτῷ
1053 1249 1072 1324 6
1094 1253 1281 1344 μονογενὴς
1304 1250 1410 1326 αῦτου
1395 1250 1514 1337 ὐἱός

201 1348 302 1436 είς“
283 1383 326 1425 ον
357 1350 502 1443 άφοριῦν
532 1348 551 1424 6
582 1353 696 1444 πατῆρ
726 1354 872 1443 ἔχαιρεν,
904 1350 953 1437 οῦς
983 1351 1130 1427 διδάσκει
1156 1351 1259 1477 αὐτῆς
1280 1346 1375 1443 ὢνῆ
1403 1362 1516 1440 σοφία,

202 1459 320 1543 λέγων
341 1457 378 1524 ἐν
400 1460 599 1543 Παροιμίαις
628 1450 762 1542 είγώ
740 1446 870 1544 ημηνῆ
901 1460 1123 1543 προσέχαιρον
1152 1450 1231 1526 καθ’
1264 1450 1420 1576 ῆμέρανι.
1461 1461 1516 1524 καί

151 1566 184 1621 10
202 1550 310 1637 αῦτός
346 1548 431 1623 δὲ
411 1581 430 1622 ο
461 1550 533 1636 υἱὸς
563 1569 637 1637 τοῖς
667 1571 847 1642 πατρικαῖς
882 1557 1031 1638 ἐννοίαις
1066 1558 1272 1641 ἐνατενίζων
1308 1549 1517 1643 εῦφροσῦνης

201 1657 415 1743 ἐπληροῦτο,
450 1648 503 1723 διό
534 1676 638 1742 φησιν
670 1648 927 1743 »ηῦφραινόμην
960 1659 994 1725 δὲ
1026 1653 1178 1727 ίνεόπιον
1208 1650 1315 1725 αῦτοῦ
1343 1657 1382 1724 ἐν
1411 1660 1516 1724 παντί

199 1759 346 1844 καιρῷι.
381 1757 489 1823 ταῦτα
509 1756 571 1842 μίν
592 1746 780 1842 ῆΧριστοῦ
800 1754 958 1841 ἐκκλησία
981 1752 1024 1824 τὰ
1038 1749 1153 1845 εῦσεβῆ
1175 1760 1230 1825 καί
1252 1764 1330 1825 θεία
1350 1748 1516 1841 μυστήρια

201 1857 448 1939 παραλαβοῦσα
470 1848 645 1939 φυλάττει.
688 1846 708 1922 6
731 1856 768 1923 δὲ
789 1856 901 1941 λέγων

268 1954 340 2037 (Nr.
370 1957 423 2038 93)
452 1949 556 2042 μῆποι
587 1957 650 2023 τοῦ
679 1948 808 2042 κόσμου
836 1946 1019 2042 γεγονότος
1039 1957 1143 2043 μηδὲν
1169 1953 1288 2040 ἕτερον
1308 1952 1394 2023 είναι
1424 1951 1516 2042 πλῆν

151 2068 184 2122 15
267 2057 355 2123 θεοῦ
374 2047 484 2141 μόνου

201 2156 299 2222 δυεῖν
321 2146 472 2240 θάτερον
493 2147 618 2222 ἑαυτὸν
638 2142 726 2222 ὄντα
747 2157 905 2241 παρίστη,
927 2147 949 2241 6
970 2148 1131 2224 Ἰουδαῖον
1151 2146 1173 2241 6
1194 2147 1470 2240 Σαβελλκαν>όν
1508 2176 1511 2239 1
1549 2171 1650 2239 51106

201 2246 224 2339 6
247 2250 313 2339 γάρ
334 2245 487 2322 αότόθεν
508 2246 715 2338 άρνοῦμενος
736 2248 801 2321 τόν
821 2246 910 2335 υίόν,
940 2249 1028 2322 θεὸν
1053 2256 1090 2323 δὲ
1114 2247 1222 2340 μόνον
1244 2247 1406 2339 εἰσάγων,
1437 2246 1514 2323 ’1ου-

201 2356 300 2434 δαῖος
332 2353 424 2422 ἔσται
451 2347 516 2420 τὸν
538 2347 690 2438 Χριστόν
720 2345 940 2439 άρνοόμενος·
976 2345 998 2439 6
1023 2356 1118 2441 μέχρι
1144 2347 1249 2438 λόγου
1270 2350 1334 2441 τῆν
1357 2357 1420 2422 τοῦ
1440 2354 1515 2422 υίοῦ

202 2447 394 2539 πρόσρησιν
416 2444 674 2538 άποόεχόμενος,
697 2444 805 2520 αῦτόν
826 2444 861 2519 δ’
883 2449 970 2520 εἷναι
993 2447 1136 2536 φάσκων
1158 2448 1221 2521 τόν
1241 2450 1299 2520 ἕνα
1321 2446 1415 2533 θεόν,
1438 2450 1514 2521 υίόν

151 2562 185 2617 60
202 2545 293 2639 ὁμοῦ
332 2556 389 2620 καὶ
423 2554 568 2636 πατέρα,
605 2546 669 2620 τὸν
699 2555 890 2635 Σαβίλλιον
916 2544 1154 2623 άνανεοόσεται.
1201 2552 1230 2621 εί
1259 2548 1322 2639 γάρ
1352 2548 1420 2637 πρὸ
1451 2556 1514 2620 τοῦ

201 2645 335 2739 κόσμου
357 2643 455 2720 οῦδὲν
477 2647 595 2736 ἕτερον
616 2639 660 2738 ῆν
681 2648 772 2739 πλὴν
794 2654 891 2731 θεοῦ,
919 2644 974 2738 (6)
995 2645 1099 2732 αῦτὸς
1120 2651 1213 2720 ἔσται
1233 2648 1348 2740 πατὴρ
1369 2655 1424 2720 καί
1441 2648 1513 2733 υίός

202 2743 225 2837 6
249 2744 326 2821 οὔδ’
350 2749 415 2870 ἕξει
350 2745 519 2819 ἕυίόν

289 2853 311 2922 8
341 2842 415 2920 άλλ’
438 2849 547 2919 ἔοικεν
569 2844 782 2936 Μάρκελλος,
806 2845 870 2918 τόν
891 2852 928 2920 ἐν
950 2844 1045 2938 αὐτῷ
1068 2855 1120 2940 τῷ
1143 2855 1215 2940 θεῷ
1232 2844 1347 2937 λόγον,
1368 2843 1448 2920 καθ’
1471 2841 1512 2968 ῆν
1531 2851 1609 2923 ὅπως
1647 2857 1697 2912 τὸν

205 2945 346 3035 λογικός
372 2965 513 3034 νοεῖται,
544 2952 675 3019 τοῦτον
704 2948 791 3019 είναι
817 2943 959 3034 φάσκειν
985 2946 1049 3019 τόν
1070 2921 1158 3020 υίόν·
1189 2945 1277 3021 ὥστε
1300 2944 1450 3020 εἶναι’
1407 2948 1513 3020 αυτόν
1531 2925 1698 3065 ῆῒζξνχντζξ

153 3060 187 3114 25
205 3047 332 3119 ἑαυτοῦ
357 3051 501 3135 πατέρα,
531 3053 586 3116 καί
613 3037 655 3116 αὖ
681 3043 786 3119 πάλιν
812 3044 918 3119 αῦτὸν
939 3049 1072 3168 ἑαυτοῦ
1085 3043 1169 3120 υἱόν.
1211 3044 1403 3121 ἐπάκουσον
1432 3053 1515 3137 γοῦν
1532 3063 1593 3134 θεῷ
1628 3055 1697 3115 ὄντα

205 3150 282 3215 τῶν
305 3140 413 3216 αὐτοῦ
435 3152 576 3232 φωνῶν,
599 3142 647 3218 δι’
670 3137 721 3218 ὦν
743 3153 871 3219 τοῦτον
892 3143 1015 3237 γράφει
1037 3145 1100 3219 τὸν
1122 3144 1256 3236 τρόπον
1373 3239 1390 3315 7³
1486 3243 1496 3271 ‹
1544 3116 1683 3266 εξζζιρξίῆ

269 3246 339 3327 (Nr.
368 3251 420 3329 92)
450 3244 518 3333 πρὸ
549 3244 611 3335 γάρ
641 3251 704 3335 τῆς
735 3251 950 3337 δημιουργίας
979 3243 1112 3337 άπάσης
1141 3242 1261 3337 ῆσυχία
1291 3276 1343 3330 τις
1373 3276 1430 3335 ην,
1467 3277 1515 3330 ως
1533 3272 1687 3362 gymno„

270 3336 427 3432 είκός,”
406 3372 509 3428 ουτος
538 3349 577 3415 ἐν
599 3352 650 3436 τῷ
672 3351 743 3436 θεῷ
771 3353 834 3418 τοῦ
861 3343 972 3436 λόγου.
1015 3351 1044 3419 εί
1076 3346 1138 3437 γάρ
1166 3346 1318 3436 ποιητὴν
1347 3342 1515 3418 ἁπάντων
1532 3368 1549 3421 2
1567 3340 1694 3414 6666

271 3441 336 3513 τὸν
357 3442 443 3516 θεὸν
462 3439 629 3535 Ἀστέριος
654 3416 936 3518 πεπίστευκενί
904 3476 1004 3532 εναι,
1034 3439 1192 3535 δῆλονο
1172 3474 1227 3517 οτι
1252 3443 1517 3536 συνομολογήσει

272 3537 351 3631 ῆμίν
371 3550 427 3614 καί
454 3540 557 3627 αῦτός
587 3542 652 3615 τὸν
680 3551 743 3634 μὲν
773 3542 875 3617 άεί
854 3543 1028 3636 υπάρχειν,
1058 3543 1339 3670 μηδεπώποτε’
1318 3545 1424 3636 αρχῆν
1454 3552 1517 3617 τοῦ

271 3642 358 3714 είναι
380 3639 540 3729 λαβόντα,
564 3643 607 3715 τά
629 3650 666 3716 δὲ
687 3650 888 3735 γεγενῆσθαί
910 3675 948 3718 τε
968 3642 1025 3718 ὑπ’
1048 3642 1155 3719 αῦτοῦ
1179 3654 1235 3717 καί
1258 3643 1378 3732 ἐξοῦκ
1400 3638 1517 3716 όντοον

257 3747 484 3863 ,γεγενῆσθαι

208 3835 293 3958 6666
322 3834 417 3923 όπιος
448 3842 512 3914 τὸν
542 3841 678 3915 θεόν”
657 3872 806 3934 αναρχον
834 3842 1111 3936 ῦποστηοάμενος
1141 3844 1206 3917 τὸν
1231 3842 1336 3933 λόγον
1361 3849 1399 3916 ἐν
1420 3841 1515 3934 αῦτῷ

209 3934 297 4012 ὄντα
318 3945 356 4013 ίν
382 3939 499 4034 ῆσυχίᾳ
529 3944 614 4014 είναι
644 3943 712 4031 πρό
744 3952 805 4036 τῆς
836 3952 1050 4036 δημιουργίας
1080 3949 1122 4033 ίφ
1097 3969 1158 4035 φη
1193 3953 1248 4018 καί
1279 3945 1413 4035 προϊών
1442 3943 1518 4033 εξῆς

158 4054 192 4110 55
209 4045 354 4130 ἐπιλέγει

296 4211 413 4267 2Ρτοτ.
431 4210 456 4276 8,
474 4212 507 4267 27
533 4241 566 4251 -
594 4212 691 4268 Βίοία
711 4215 734 4282 1,
752 4217 778 4271 9.
797 4215 830 4271 10
854 4244 887 4256 -
913 4215 1106 4283 5151110
1130 4244 1163 4255 -·
1191 4214 1311 4273 θΡτοτ.
1327 4216 1353 4279 8,
1371 4215 1455 4270 30-
1481 4214 1516 4269 ll

211 4313 290 4369 Prov.
308 4313 333 4378 8,
351 4314 386 4368 30
402 4341 435 4353 -
454 4314 492 4369 21
512 4313 568 4384 vgl.
586 4313 633 4368 Nr.
652 4314 686 4370 93

298 4463 336 4518 18
362 4463 558 4536 Σαβελλιανδν
584 4462 650 4532 We,
676 4465 732 4536 νηί.
760 4484 794 4522 zu
819 4466 845 4521 8.
871 4466 916 4530 88,
943 4469 975 4523 21
1008 4468 1013 4535 Ι
1047 4468 1085 4524 18
1110 4465 1207 4537 λόγον]
1235 4473 1267 4530 -ί-
1293 4466 1403 4535 μόνον’.)
1432 4464 1479 4518 Mo
1511 4465 1514 4531 Ι

213 4565 251 4620 21
277 4562 360 4634 ῆΜο
391 4566 397 4633 Ι
429 4563 470 4620 28
496 4560 531 4620 δν
551 4583 580 4620 ιιι
601 4566 658 4636 vgl.
676 4567 702 4622 8.
719 4567 761 4630 87,
779 4569 820 4622 14.
845 4569 900 4631 105.
918 4569 952 4624 23
974 4570 1042 4636 (108,
1060 4571 1086 4636 5)
1108 4567 1206 4623 anderu
1228 4567 1254 4622 8.
1273 4570 1330 4633 118,
1350 4568 1397 4622 711.
1425 4561 1486 4621 δί’
1513 4567 1516 4633 ί

212 4665 252 4722 88
269 4660 300 4721 ἐν
318 4660 409 4739 ἑαυτῷ
427 4665 475 4730 V*,
493 4682 561 4722 corr.
580 4666 618 4719 V²
651 4669 656 4737 Ι
686 4668 724 4725 u
743 4662 797 4740 ἔφη
815 4682 857 4723 mr
879 4663 924 4739 ἐφ’
941 4658 959 4738 6
977 4670 1001 4721 V
