3698 5510
306 461 364 525 130
894 447 1028 504 Eusebius

303 625 360 689 καὶ
391 614 473 698 θεὸς
503 621 559 686 καὶ
585 613 701 703 κύριος
728 606 854 701 ὁμοίως
880 618 932 703 τῷ
959 618 1065 701 πατρὶ
1086 618 1143 683 καί
1164 606 1268 694 αύτὸς
1290 611 1345 684 διὰ
1366 610 1476 704 πάσης
1498 611 1619 705 άνηγύ·

304 745 420 807 ρευται
442 722 522 833 τῆς.
525 711 763 786 θεοπνεύστου
784 718 924 802 γραφῆς.

387 821 427 890 21
458 820 565 886 τοῦτο
597 819 635 885 δέ
659 818 754 884 ἐστιν
782 819 838 882 καὶ
870 816 907 884 έκ
938 817 1002 882 τοῦ
1031 809 1117 900 πρὸς
1148 808 1212 882 τὸν
1233 817 1359 882 Μωσέα
1388 821 1618 905 χρηματισμοῦ
1637 821 1728 911 δτιὸ
1756 826 1817 894 ιίίς

305 923 449 1006 γνῶναι
471 909 614 1003 λέγειδ
636 906 743 1002 σῦνῆ
765 910 878 1002 γραφὴ
904 908 1085 999 »ἐλάλησεν
1106 904 1184 982 δὲ
1165 939 1184 981 σ
1206 906 1289 992 θεὸς
1307 909 1396 1002 πρὸς
1416 920 1618 1004 Μωσῆνκαί
1670 883 1792 1020 ἐζοξοο

269 1017 399 1088 σείπεν
425 1013 513 1104 πρὸς
538 1011 658 1134 αύτύν
693 1013 762 1101 ἐγώ
789 1012 918 1133 κύριος·
953 1018 1009 1083 καὶ
1031 1007 1160 1100 ὤφθην
1181 1008 1269 1100 πρὸς
1288 1005 1432 1132 Ἀβραὰμ
1452 1021 1509 1086 καί
1530 1014 1619 1136 πρῦς
1635 1032 1752 1087 Μωσεῑ
1767 1033 1815 1087 καὶ

304 1113 412 1188 Ἰσαὰκ
433 1122 490 1187 καὶ
511 1112 598 1202 πρὸς
618 1108 743 1196 Ἰακώβ,
766 1110 850 1196 θεὸς
870 1104 924 1182 διν
946 1107 1092 1183 αύτῶνι.
1135 1103 1215 1203 δρᾷς
1231 1105 1327 1195 ὅπως
1349 1102 1506 1200 ὦφθαι
1493 1113 1618 1186 εαυτὸν
1634 1092 1815 1183 ‘mmm-‘¹

306 1234 377 1298 τοῖς
398 1211 569 1303 πατράσιν
592 1216 665 1302 ἔφη.
700 1208 787 1283 πάτε
805 1218 841 1283 δὲ
864 1208 980 1299 ὤφθη,
1002 1205 1142 1299 πάλινὴ
1164 1209 1278 1299 γραφὴ
1297 1231 1461 1301 μαρτυρεῖ
1473 1220 1617 1303 λέγουσα
1650 1185 1801 1300 χρῦῦίέῐ

310 1312 433 1440 ὤφθη
457 1320 492 1383 δὲ
513 1311 628 1400 κύριος
650 1306 669 1383 5
691 1310 774 1395 θεὸς
789 1317 840 1401 τῷ
855 1308 1000 1401 Ἀβραὰμ
1020 1309 1108 1398 πρὸς
1130 1339 1171 1399 τη
1155 1314 1272 1400 δρυῒ
1292 1317 1334 1399 τῇ
1357 1319 1513 1402 Μαμβρῆ,
1535 1324 1620 1386 καθ·

307 1608 390 1704 555
412 1569 489 1684 καί
489 1607 652 1694 αῦτὸςέν
667 1608 882 1700 Εῦαγγελίοις
908 1616 1055 1697 παρίστη
1082 1613 1194 1697 λέγων
1223 1609 1311 1699 πρὸς
1340 1610 1422 1693 τοῦς
1442 1608 1621 1696 Ἰουδαίους

310 1710 470 1801 »Ἀβραὰμ
493 1706 512 1782 5
533 1709 648 1800 πατὴρ
669 1708 768 1795 ῦμοῦν
794 1704 1023 1800 ἠγαλλιάσατο
1050 1711 1106 1778 ἵνα
1127 1710 1242 1797 ἴδη
1203 1738 1269 1799 την
1291 1706 1418 1800 ἡμέραν
1438 1710 1504 1799 τὴν
1525 1709 1619 1802 ἐμήν,

306 1819 362 1883 καί
384 1813 472 1883 εἶδεν
492 1817 548 1881 καί
570 1808 704 1900 έχάρηι·
727 1802 786 1880 ῦτε
800 1817 856 1880 καὶ
877 1803 1132 1896 θαυμασάντων
1146 1812 1201 1879 έπὶ
1215 1816 1267 1899 τῷ
1290 1807 1383 1900 λόγῳ
1405 1817 1621 1900 προσέθηκεν
1653 1824 1672 1879 2

307 1910 348 1985 τὸ
373 1917 472 2001 »πρὶν
492 1905 636 1999 Ἀβραάμ
663 1916 820 2000 γενέσθαι
845 1907 912 1997 ἐγώ
939 1912 1039 1996 είμιι
1065 1905 1142 1997 τὴν
1156 1905 1406 1996 προῦπαρξινὲ
1409 1917 1514 1982 αυτοῦ
1535 1939 1620 1999 παρ

256 2029 289 2083 15
307 2010 403 2094 ιστὰς
433 2007 631 2083 λευκότατα.
674 2017 708 2080 τί
730 2008 771 2131 55
794 2001 857 2081 σῦν
882 2013 937 2081 ιδ
968 2001 1209 2128 συνίστησιν
1191 2035 1210 2077 ο
1236 2004 1339 2095 λόγος
1361 2003 1383 2097 5
1406 2005 1513 2080 αύτῦν
1532 2012 1621 2082 εἶναι

308 2107 372 2182 τὸν
402 2109 480 2182 υίὸν
507 2114 570 2181 τοῦ
591 2114 677 2180 θεοῦ
704 2108 767 2181 τὸν
788 2112 1040 2197 χρηματίσαντα
1062 2113 1113 2197 τῷ
1136 2114 1255 2177 Μωσει
1273 2115 1329 2179 καὶ
1351 2107 1566 2198 είρηκάταέ
1534 2140 1546 2174 ι
1569 2111 1619 2199 γώ

307 2204 421 2299 εἰμι
402 2238 421 2280 ο
450 2205 536 2292 ὤας
565 2205 670 2290 αύτύς
695 2208 758 2296 γὰρ
785 2212 836 2296 τῷ
859 2203 1002 2297 Ἀβραὰμ
1024 2198 1146 2327 ιῦφθαι
1167 2202 1290 2278 ἑαυτὸν
1321 2202 1542 2295 ἐδίδαξενο
1522 2238 1620 2293 οπως

307 2301 391 2380 δὲ
374 2337 416 2399 ην
446 2304 550 2390 αύτδς
584 2301 621 2378 »5
653 2303 738 2390 άνι,
770 2310 908 2395 εἴρηται
950 2300 1052 2377 καὶὸ
1078 2312 1179 2395 μέγας
1205 2311 1242 2376 δὲ
1267 2301 1462 2389 ἀπόστολος
1482 2315 1619 2394 Παῦλος
1653 2321 1671 2375 3

309 2410 400 2481 οἶδεν
423 2405 487 2480 τὸν
507 2405 584 2478 υίόν
606 2412 669 2478 τοῦ
690 2412 776 2478 θεοῦ
797 2415 937 2494 μεσίτην
965 2402 1149 2495 γενόμενον
1179 2411 1239 2496 τῆς
1269 2403 1323 2479 διὰ
1345 2413 1497 2491 Μωσέως
1518 2437 1619 2499 νομο-

256 2522 291 2577 20
308 2513 433 2592 θεσίας,
456 2511 493 2578 έν
515 2506 565 2588 οίς
591 2503 739 2579 διδάσκει
765 2510 876 2593 λέγων
908 2499 947 2577 »5
978 2501 1081 2594 νόμος
1112 2510 1279 2594 διαταγεὶς
1308 2501 1351 2578 δι’
1381 2503 1550 2595 ἀγγέλων,
1581 2513 1620 2581 έν

307 2614 389 2698 χειρί
412 2615 558 2697 μεσίτου.
581 2601 600 2677 δ
622 2610 658 2676 δὲ
678 2612 816 2695 μεσίτης
838 2605 915 2687 ἑνὸς
937 2601 1000 2676 σῦκ
1026 2607 1147 2676 έστινι.
1179 2619 1185 2692 Ι
1219 2600 1344 2677 ούκοῦν
1372 2600 1391 2676 5
1412 2616 1620 2697 χρηματίσας
1640 2636 1703 2695 ης

310 2712 360 2797 τῷ
384 2714 503 2777 Μωσεῑ
522 2700 543 2775 5
564 2713 700 2795 μεσίτης
722 2698 781 2795 ἦν,
810 2708 847 2791 ἐξ
872 2709 1003 2775 ἐκείνου
1022 2702 1209 2793 μεσιτεύων
1239 2711 1282 2792 τῇ
1312 2711 1387 2776 τῶν
1417 2702 1619 2794 ἀνθρώπων

309 2814 476 2897 σωτηρία
512 2800 644 2893 πρὶν
622 2834 643 2894 η
663 2804 740 2927 τίχν
771 2801 878 2892 σάρκα
910 2799 1102 2888 άναλαβεῑν.
1153 2808 1282 2875 τοῦτον
1311 2811 1347 2877 δὲ
1376 2806 1463 2877 είναι
1494 2803 1673 2896 Ἰησσῦνι

311 2902 464 2994 Χριστὸν
486 2898 505 2975 5
526 2899 630 2986 αύτδς
652 2899 846 2985 ἀπόστολος
866 2909 1053 2991 παρέστησε
1076 2900 1186 2993 φήσας
1214 2904 1281 2988 »είς
1301 2903 1397 2990 θεάς,
1421 2905 1468 2989 είς
1488 2913 1545 2976 καί
1566 2935 1620 2997 με·

260 3022 293 3079 25
312 3016 406 3096 σίτης
428 3010 512 3077 θεοῦ
532 3010 588 3074 καί
611 2997 823 3092 άνθριύπων,
847 3001 1036 3092 ἄνθρωπος
1055 2996 1181 3090 Ἰησοῦς
1203 3002 1380 3092 Χριστύςι
1417 3002 1478 3076 ειτ’
1500 2998 1564 3078 σῦν
1585 3010 1621 3094 ἐξ

312 3102 419 3178 αύτοῦ
450 3109 547 3225 <τσῦ>
577 3102 769 3194 προσώπου
798 3110 932 3223 λέγοιτο
962 3098 1056 3190 παρὰ
1078 3108 1198 3172 Μωσεῑ
1223 3101 1263 3223 τά
1293 3104 1377 3193 »ἐγώ
1404 3100 1515 3194 είμι(
1496 3135 1515 3177 σ
1538 3103 1620 3192 ὤνι,

312 3200 377 3278 εἴθ’
401 3200 555 3293 δπατὴρ
577 3196 621 3291 ἦν
636 3232 656 3274 ο
645 3198 718 3273 δι’
736 3199 844 3274 αύτοῦ
859 3201 989 3291 ταύτην
1003 3207 1203 3290 προϊέμενος
1219 3201 1283 3291 τὴν
1298 3200 1431 3294 φωνήν
1453 3204 1623 3294 ἑκατέρως

311 3404 494 3494 χρώμενος,
518 3432 566 3484 ως
589 3404 706 3486 οἴεται,
728 3397 883 3490 άφύκτῳ
905 3396 946 3471 δι’
971 3392 1011 3472 05
1033 3406 1137 3489 φησίν

261 3520 296 3575 30
376 3508 446 3592 (Nr
466 3509 517 3589 57)
540 3509 618 3572 τίνα
640 3507 761 3573 τοίνυν
782 3498 847 3572 τὸν
871 3500 955 3589 »ἐγώ
979 3493 1085 3588 εἰμι
1066 3528 1085 3570 ο
1107 3491 1176 3570 άινι
1199 3506 1344 3590 λέγοντα
1358 3498 1524 3593 Ἀστέριος
1539 3505 1625 3576 εἶναι

376 3607 492 3687 οἴεται,
514 3598 579 3671 τὸν
600 3595 720 3671 5555u
698 3629 719 3688 5
743 3597 807 3671 τὸν
827 3607 973 3687 πατέρα,·

314 3698 378 3774 είθ
411 3703 487 3790 ἑξῆς
517 3696 687 3789 συνάγων,
720 3695 768 3782 σῦς
798 3703 827 3769 εἰ
855 3693 964 3787 μὲν<
944 3699 1100 3789 σπατὴρ
1122 3704 1173 3790 εἴη
1203 3693 1223 3772 5
1253 3695 1319 3785 ὧν,
1349 3696 1459 3773 σῦκέτ’
1481 3697 1625 3774 ἔσται
1605 3732 1625 3774 σ

314 3800 386 3884 υίὸς
407 3798 503 3882 θεός·

378 3905 447 3989 (Nr.
463 3906 515 3988 58)
538 3896 593 3971 ὅτι
614 3897 702 3971 κατά
725 3894 988 3988 άντιδιαστολὴν
1009 3904 1072 3969 τοῦ
1092 3897 1138 3989 μὴ
1161 3891 1263 3981 ὄντος
1285 3891 1372 3970 δάν
1393 3898 1518 3973 ἑαυτὸν
1540 3902 1627 3973 είναί

264 4016 298 4071 35
378 4024 492 4089 φησιν.
534 4007 563 4072 εἰ
585 4005 620 4070 δὲ
642 3998 706 4070 τὸν
726 3997 804 4069 υίὸν
823 3995 1008 4070 ύποστάσει
1029 4004 1232 4088 διῃρημένον
1253 4005 1359 4071 τοῦτο
1375 3996 1501 4087 φάσκοι
1516 4006 1627 4089 λέγειν

400 4222 421 4278 4
446 4218 714 4286 Ex.6‚2.3-8
742 4219 1012 4286 Gen.18,1-12
1040 4219 1247 4285 Johfflss-
1270 4219 1309 4276 14
1334 4219 1630 4287 Joh.8‚58-lofl

316 4324 510 4394 Ex.3‚14—
530 4324 569 4379 20
588 4322 692 4391 σομε,
712 4324 752 4377 19.
771 4321 806 4375 20
823 4320 945 4377 -241
964 4319 1076 4389 Tim.2,
1095 4324 1161 4377 5-
1180 4318 1327 4386 εοεαε,
1347 4324 1430 4375 14-
1449 4321 1485 4377 80
1503 4320 1628 4388 mu

403 4522 547 4594 δκύρως]
566 4520 644 4597 αύτῷ
662 4523 735 4578 Lxx
766 4527 772 4593 Ι
804 4525 823 4581 θ
848 4515 919 4592 ἀλλ’]
938 4517 1244 4591 555055125155.
1263 4516 1326 4579 ἀλλ’
1344 4520 1410 4593 ίῆίθ
1442 4524 1446 4591 Ι
1481 4521 1518 4579 15
1542 4518 1630 4578 αύτδν

319 4626 343 4678 V
376 4628 380 4693 Ι
413 4626 453 4681 26
469 4632 521 4681 τοῦ
539 4626 591 4680 We
1570 4636 1573 4641 ⁴
