<?xml version="1.0" encoding="UTF-8"?>
<!DOCTYPE html PUBLIC "-//W3C//DTD XHTML 1.0 Transitional//EN"
    "http://www.w3.org/TR/xhtml1/DTD/xhtml1-transitional.dtd">
<html xmlns="http://www.w3.org/1999/xhtml" xml:lang="en" lang="en">
 <head>
  <title>
</title>
<meta http-equiv="Content-Type" content="text/html;charset=utf-8" />
  <meta name='ocr-system' content='tesseract 3.04.00' />
  <meta name='ocr-capabilities' content='ocr_page ocr_carea ocr_par ocr_line ocrx_word'/>
</head>
<body>
  <div class='ocr_page' id='page_1' title='image "./diegriechischen01religoog/diegriechischen01religoog_0095.png"; bbox 0 0 3728 5508; ppageno 0'>
   <div class='ocr_carea' id='block_1_1' title="bbox 647 486 1489 555">
    <p class='ocr_par' dir='ltr' id='par_1_1' title="bbox 647 486 1489 555">
     <span class='ocr_line' id='line_1_1' title="bbox 647 486 1489 555; baseline 0.006 -12"><span class='ocrx_word' id='word_1_1' title='bbox 647 489 744 543; x_wconf 74' lang='lat' dir='ltr'><strong>contra</strong></span> <span class='ocrx_word' id='word_1_2' title='bbox 760 486 921 543; x_wconf 75' lang='lat' dir='ltr'><strong>Marcellum</strong></span> <span class='ocrx_word' id='word_1_3' title='bbox 938 489 964 541; x_wconf 87' lang='lat'><strong><em>11</em></strong></span> <span class='ocrx_word' id='word_1_4' title='bbox 982 490 1006 543; x_wconf 84' lang='lat'><strong><em>3.</em></strong></span> <span class='ocrx_word' id='word_1_5' title='bbox 1449 495 1489 555; x_wconf 79' lang='grc'><strong><em>47</em></strong></span> 
     </span>
    </p>
   </div>
   <div class='ocr_carea' id='block_1_2' title="bbox 133 644 1549 3727">
    <p class='ocr_par' dir='ltr' id='par_1_2' title="bbox 179 644 1541 1036">
     <span class='ocr_line' id='line_1_2' title="bbox 179 644 1541 739; baseline 0.009 -23"><span class='ocrx_word' id='word_1_6' title='bbox 179 653 236 716; x_wconf 83' lang='grc' dir='ltr'><strong><em>καί</em></strong></span> <span class='ocrx_word' id='word_1_7' title='bbox 258 644 365 718; x_wconf 84' lang='grc' dir='ltr'><strong><em>πάλιν</em></strong></span> <span class='ocrx_word' id='word_1_8' title='bbox 386 648 450 739; x_wconf 79' lang='grc' dir='ltr'><strong><em>τὴν</em></strong></span> <span class='ocrx_word' id='word_1_9' title='bbox 472 646 579 739; x_wconf 73' lang='grc' dir='ltr'><strong><em>αὐτὴν</em></strong></span> <span class='ocrx_word' id='word_1_10' title='bbox 601 659 729 736; x_wconf 82' lang='grc' dir='ltr'><strong><em>βεβαιοῖ</em></strong></span> <span class='ocrx_word' id='word_1_11' title='bbox 748 657 839 738; x_wconf 75' lang='grc' dir='ltr'><strong><em>λέξιν</em></strong></span> <span class='ocrx_word' id='word_1_12' title='bbox 862 648 1005 738; x_wconf 77' lang='grc' dir='ltr'><em>φάσκων</em></span> <span class='ocrx_word' id='word_1_13' title='bbox 1508 664 1541 718; x_wconf 77' lang='grc'>15</span> 
     </span>
     <span class='ocr_line' id='line_1_3' title="bbox 244 746 1491 841; baseline 0.002 -24"><span class='ocrx_word' id='word_1_14' title='bbox 244 750 314 831; x_wconf 85' lang='lat' dir='ltr'>(Nr.</span> <span class='ocrx_word' id='word_1_15' title='bbox 336 756 386 836; x_wconf 76' lang='lat'><strong><em>17)</em></strong></span> <span class='ocrx_word' id='word_1_16' title='bbox 417 746 559 834; x_wconf 81' lang='grc' dir='ltr'><strong><em>εἰκότως</em></strong></span> <span class='ocrx_word' id='word_1_17' title='bbox 586 746 605 821; x_wconf 84' lang='grc' dir='ltr'>ὁ</span> <span class='ocrx_word' id='word_1_18' title='bbox 631 748 812 841; x_wconf 86' lang='grc' dir='ltr'><strong><em>προφήτης</em></strong></span> <span class='ocrx_word' id='word_1_19' title='bbox 839 754 903 840; x_wconf 79' lang='grc' dir='ltr'><strong><em>ἔφη</em></strong></span> <span class='ocrx_word' id='word_1_20' title='bbox 929 749 1014 840; x_wconf 74' lang='grc' dir='ltr'><strong><em>»πρὸ</em></strong></span> <span class='ocrx_word' id='word_1_21' title='bbox 1037 756 1099 821; x_wconf 85' lang='grc' dir='ltr'><strong><em>τοῦ</em></strong></span> <span class='ocrx_word' id='word_1_22' title='bbox 1121 755 1246 832; x_wconf 78' lang='grc' dir='ltr'><strong><em>αίοόνος</em></strong></span> <span class='ocrx_word' id='word_1_23' title='bbox 1267 754 1491 837; x_wconf 88' lang='grc' dir='ltr'><strong><em>ἐθεμελίωσέν</em></strong></span> 
     </span>
     <span class='ocr_line' id='line_1_4' title="bbox 244 845 1491 940; baseline 0.002 -24"><span class='ocrx_word' id='word_1_24' title='bbox 244 873 320 935; x_wconf 75' lang='grc' dir='ltr'><strong><em>μει,</em></strong></span> <span class='ocrx_word' id='word_1_25' title='bbox 352 845 513 937; x_wconf 89' lang='grc' dir='ltr'><strong><em>δηλονότι</em></strong></span> <span class='ocrx_word' id='word_1_26' title='bbox 535 848 576 921; x_wconf 85' lang='grc' dir='ltr'><strong><em>τὸ</em></strong></span> <span class='ocrx_word' id='word_1_27' title='bbox 598 848 687 921; x_wconf 87' lang='grc' dir='ltr'><strong><em>κατά</em></strong></span> <span class='ocrx_word' id='word_1_28' title='bbox 708 847 830 938; x_wconf 80' lang='grc' dir='ltr'><strong><em>σάρκα,</em></strong></span> <span class='ocrx_word' id='word_1_29' title='bbox 860 850 915 921; x_wconf 78' lang='grc' dir='ltr'><strong><em>διὰ</em></strong></span> <span class='ocrx_word' id='word_1_30' title='bbox 946 850 1011 940; x_wconf 86' lang='grc' dir='ltr'><strong><em>τὴν</em></strong></span> <span class='ocrx_word' id='word_1_31' title='bbox 1042 849 1130 939; x_wconf 87' lang='grc' dir='ltr'><strong><em>πρὸς</em></strong></span> <span class='ocrx_word' id='word_1_32' title='bbox 1161 847 1224 922; x_wconf 86' lang='grc' dir='ltr'><strong><em>τὸν</em></strong></span> <span class='ocrx_word' id='word_1_33' title='bbox 1249 845 1391 940; x_wconf 82' lang='grc' dir='ltr'><strong><em>άληθῶς</em></strong></span> <span class='ocrx_word' id='word_1_34' title='bbox 1415 846 1491 920; x_wconf 84' lang='grc' dir='ltr'><strong><em>υίόν</em></strong></span> 
     </span>
     <span class='ocr_line' id='line_1_5' title="bbox 244 941 780 1036; baseline 0.002 -20"><span class='ocrx_word' id='word_1_35' title='bbox 244 941 353 1018; x_wconf 85' lang='grc' dir='ltr'><strong><em>αύτοῦ</em></strong></span> <span class='ocrx_word' id='word_1_36' title='bbox 374 946 437 1019; x_wconf 88' lang='grc' dir='ltr'><strong><em>τόν</em></strong></span> <span class='ocrx_word' id='word_1_37' title='bbox 458 945 564 1036; x_wconf 93' lang='grc' dir='ltr'><strong><em>λόγον</em></strong></span> <span class='ocrx_word' id='word_1_38' title='bbox 585 960 780 1022; x_wconf 91' lang='grc' dir='ltr'><strong><em>κοινωνίαν.</em></strong></span> 
     </span>
    </p>

    <p class='ocr_par' dir='ltr' id='par_1_3' title="bbox 133 1048 1492 1638">
     <span class='ocr_line' id='line_1_6' title="bbox 148 1048 501 1138; baseline 0.008 -25"><span class='ocrx_word' id='word_1_39' title='bbox 148 1052 236 1115; x_wconf 70' lang='grc' dir='ltr'><strong><em>ὁκαὶ</em></strong></span> <span class='ocrx_word' id='word_1_40' title='bbox 259 1050 404 1135; x_wconf 87' lang='grc' dir='ltr'><strong><em>ἐπιλέγει</em></strong></span> <span class='ocrx_word' id='word_1_41' title='bbox 426 1048 501 1138; x_wconf 75' lang='grc' dir='ltr'><strong><em>ἑξῆς</em></strong></span> 
     </span>
     <span class='ocr_line' id='line_1_7' title="bbox 246 1142 1491 1240; baseline 0.005 -25"><span class='ocrx_word' id='word_1_42' title='bbox 246 1150 316 1230; x_wconf 83' lang='grc' dir='ltr'><strong><em>(Νι.</em></strong></span> <span class='ocrx_word' id='word_1_43' title='bbox 334 1154 384 1232; x_wconf 88' lang='grc'><strong><em>18)</em></strong></span> <span class='ocrx_word' id='word_1_44' title='bbox 412 1148 484 1218; x_wconf 88' lang='grc' dir='ltr'><strong><em>είτα</em></strong></span> <span class='ocrx_word' id='word_1_45' title='bbox 514 1150 569 1218; x_wconf 75' lang='grc' dir='ltr'><strong><em>»ἐν</em></strong></span> <span class='ocrx_word' id='word_1_46' title='bbox 590 1142 692 1237; x_wconf 79' lang='grc' dir='ltr'><strong><em>άργῇι</em></strong></span> <span class='ocrx_word' id='word_1_47' title='bbox 718 1158 822 1239; x_wconf 83' lang='grc' dir='ltr'><strong><em>φησίν</em></strong></span> <span class='ocrx_word' id='word_1_48' title='bbox 847 1148 932 1237; x_wconf 76' lang='grc' dir='ltr'><strong><em>»πρὸ</em></strong></span> <span class='ocrx_word' id='word_1_49' title='bbox 956 1156 1019 1222; x_wconf 87' lang='grc' dir='ltr'><strong><em>τοῦ</em></strong></span> <span class='ocrx_word' id='word_1_50' title='bbox 1041 1151 1106 1240; x_wconf 85' lang='grc' dir='ltr'><strong><em>τὴν</em></strong></span> <span class='ocrx_word' id='word_1_51' title='bbox 1128 1156 1191 1238; x_wconf 80' lang='grc' dir='ltr'><strong><em>γῆν</em></strong></span> <span class='ocrx_word' id='word_1_52' title='bbox 1212 1155 1383 1239; x_wconf 80' lang='grc' dir='ltr'><strong><em>ποιῆσαιι.</em></strong></span> <span class='ocrx_word' id='word_1_53' title='bbox 1426 1156 1491 1239; x_wconf 84' lang='grc' dir='ltr'><strong><em>γῆν</em></strong></span> 
     </span>
     <span class='ocr_line' id='line_1_8' title="bbox 244 1243 1491 1340; baseline 0.005 -25"><span class='ocrx_word' id='word_1_54' title='bbox 244 1253 349 1317; x_wconf 82' lang='grc' dir='ltr'><strong><em>ποίαν</em></strong></span> <span class='ocrx_word' id='word_1_55' title='bbox 370 1245 500 1336; x_wconf 86' lang='grc' dir='ltr'><strong><em>ταύτην</em></strong></span> <span class='ocrx_word' id='word_1_56' title='bbox 522 1243 575 1336; x_wconf 76' lang='grc' dir='ltr'><strong><em>(ἢ)</em></strong></span> <span class='ocrx_word' id='word_1_57' title='bbox 599 1245 761 1337; x_wconf 85' lang='grc' dir='ltr'><strong><em>δηλονότι</em></strong></span> <span class='ocrx_word' id='word_1_58' title='bbox 783 1247 848 1339; x_wconf 79' lang='grc' dir='ltr'><strong><em>τὴν</em></strong></span> <span class='ocrx_word' id='word_1_59' title='bbox 874 1246 1040 1339; x_wconf 78' lang='grc' dir='ltr'><strong><em>ἡμετέραν</em></strong></span> <span class='ocrx_word' id='word_1_60' title='bbox 1066 1247 1186 1339; x_wconf 80' lang='grc' dir='ltr'><strong><em>σάρκα,</em></strong></span> <span class='ocrx_word' id='word_1_61' title='bbox 1219 1248 1283 1339; x_wconf 81' lang='grc' dir='ltr'><strong><em>τὴν</em></strong></span> <span class='ocrx_word' id='word_1_62' title='bbox 1311 1248 1396 1340; x_wconf 83' lang='grc' dir='ltr'><strong><em>μετὰ</em></strong></span> <span class='ocrx_word' id='word_1_63' title='bbox 1426 1249 1491 1338; x_wconf 86' lang='grc' dir='ltr'><strong><em>τὴν</em></strong></span> 
     </span>
     <span class='ocr_line' id='line_1_9' title="bbox 245 1339 1491 1439; baseline 0.004 -24"><span class='ocrx_word' id='word_1_64' title='bbox 245 1345 424 1436; x_wconf 81' lang='grc' dir='ltr'><strong><em>παρακοὴν</em></strong></span> <span class='ocrx_word' id='word_1_65' title='bbox 446 1353 509 1436; x_wconf 80' lang='grc' dir='ltr'><strong><em>γῆν</em></strong></span> <span class='ocrx_word' id='word_1_66' title='bbox 532 1339 632 1430; x_wconf 79' lang='grc' dir='ltr'><strong><em>αὖθις</em></strong></span> <span class='ocrx_word' id='word_1_67' title='bbox 651 1355 851 1438; x_wconf 83' lang='grc' dir='ltr'><strong><em>γενομένην,·</em></strong></span> <span class='ocrx_word' id='word_1_68' title='bbox 876 1355 952 1439; x_wconf 75' lang='grc' dir='ltr'><strong><em>»γῆι</em></strong></span> <span class='ocrx_word' id='word_1_69' title='bbox 972 1349 1034 1438; x_wconf 81' lang='grc' dir='ltr'><strong><em>γὰρ</em></strong></span> <span class='ocrx_word' id='word_1_70' title='bbox 1058 1349 1121 1419; x_wconf 74' lang='lat' dir='ltr'><strong><em>›el‹</em></strong></span> <span class='ocrx_word' id='word_1_71' title='bbox 1147 1355 1251 1439; x_wconf 86' lang='grc' dir='ltr'><strong><em>φησίν</em></strong></span> <span class='ocrx_word' id='word_1_72' title='bbox 1276 1357 1348 1421; x_wconf 78' lang='grc' dir='ltr'><strong><em>»καί</em></strong></span> <span class='ocrx_word' id='word_1_73' title='bbox 1367 1353 1413 1433; x_wconf 89' lang='grc' dir='ltr'><strong><em>είς</em></strong></span> <span class='ocrx_word' id='word_1_74' title='bbox 1428 1355 1491 1439; x_wconf 81' lang='grc' dir='ltr'><strong><em>γῆν</em></strong></span> 
     </span>
     <span class='ocr_line' id='line_1_10' title="bbox 246 1442 1492 1538; baseline -0.001 -20"><span class='ocrx_word' id='word_1_75' title='bbox 246 1442 442 1534; x_wconf 75' lang='grc' dir='ltr'><strong><em>ἇπελεόσηι.</em></strong></span> <span class='ocrx_word' id='word_1_76' title='bbox 485 1450 549 1518; x_wconf 83' lang='grc' dir='ltr'><strong><em>ἔδει</em></strong></span> <span class='ocrx_word' id='word_1_77' title='bbox 576 1445 639 1536; x_wconf 84' lang='grc' dir='ltr'><strong><em>γὰρ</em></strong></span> <span class='ocrx_word' id='word_1_78' title='bbox 666 1447 796 1537; x_wconf 84' lang='grc' dir='ltr'><strong><em>ταύτην</em></strong></span> <span class='ocrx_word' id='word_1_79' title='bbox 821 1445 943 1532; x_wconf 89' lang='grc' dir='ltr'><strong><em>ίάσεως</em></strong></span> <span class='ocrx_word' id='word_1_80' title='bbox 964 1466 1091 1538; x_wconf 77' lang='grc' dir='ltr'><strong><em>τυχεῖν,</em></strong></span> <span class='ocrx_word' id='word_1_81' title='bbox 1119 1448 1195 1521; x_wconf 82' lang='grc' dir='ltr'><strong><em>τινὰ</em></strong></span> <span class='ocrx_word' id='word_1_82' title='bbox 1218 1447 1351 1538; x_wconf 84' lang='grc' dir='ltr'><strong><em>τρόπον</em></strong></span> <span class='ocrx_word' id='word_1_83' title='bbox 1371 1477 1492 1521; x_wconf 90' lang='grc' dir='ltr'><strong><em>κοινω-</em></strong></span> 
     </span>
     <span class='ocr_line' id='line_1_11' title="bbox 133 1541 734 1638; baseline 0.015 -29"><span class='ocrx_word' id='word_1_84' title='bbox 133 1557 165 1609; x_wconf 87' lang='lat'><strong><em>10</em></strong></span> <span class='ocrx_word' id='word_1_85' title='bbox 245 1541 429 1634; x_wconf 82' lang='grc' dir='ltr'><strong><em>νὴ&lt;σα&gt;σαν</em></strong></span> <span class='ocrx_word' id='word_1_86' title='bbox 450 1554 501 1638; x_wconf 82' lang='grc' dir='ltr'><strong><em>τῷ</em></strong></span> <span class='ocrx_word' id='word_1_87' title='bbox 523 1542 608 1637; x_wconf 84' lang='grc' dir='ltr'><strong><em>άγίῳ</em></strong></span> <span class='ocrx_word' id='word_1_88' title='bbox 631 1545 734 1637; x_wconf 84' lang='grc' dir='ltr'><strong><em>λόγῳ.</em></strong></span> 
     </span>
    </p>

    <p class='ocr_par' dir='ltr' id='par_1_4' title="bbox 182 1642 1542 1738">
     <span class='ocr_line' id='line_1_12' title="bbox 182 1642 1542 1738; baseline 0.001 -22"><span class='ocrx_word' id='word_1_89' title='bbox 182 1650 248 1716; x_wconf 85' lang='grc' dir='ltr'><strong><em>θέα</em></strong></span> <span class='ocrx_word' id='word_1_90' title='bbox 270 1650 306 1716; x_wconf 73' lang='grc' dir='ltr'><strong><em>δὲ</em></strong></span> <span class='ocrx_word' id='word_1_91' title='bbox 326 1653 403 1728; x_wconf 81' lang='grc' dir='ltr'><strong><em>πῶς</em></strong></span> <span class='ocrx_word' id='word_1_92' title='bbox 424 1651 463 1717; x_wconf 89' lang='grc' dir='ltr'><strong><em>ἐν</em></strong></span> <span class='ocrx_word' id='word_1_93' title='bbox 485 1646 624 1731; x_wconf 89' lang='grc' dir='ltr'><strong><em>τούτοις</em></strong></span> <span class='ocrx_word' id='word_1_94' title='bbox 639 1642 658 1718; x_wconf 87' lang='grc' dir='ltr'><strong><em>ό</em></strong></span> <span class='ocrx_word' id='word_1_95' title='bbox 674 1645 874 1736; x_wconf 87' lang='grc' dir='ltr'><strong><em>Μάρκελλος</em></strong></span> <span class='ocrx_word' id='word_1_96' title='bbox 896 1648 1007 1737; x_wconf 72' lang='grc' dir='ltr'><strong><em>ἑαυτῷ</em></strong></span> <span class='ocrx_word' id='word_1_97' title='bbox 1029 1655 1234 1734; x_wconf 72' lang='grc' dir='ltr'><strong><em>περιπίπτει.</em></strong></span> <span class='ocrx_word' id='word_1_98' title='bbox 1278 1646 1386 1738; x_wconf 81' lang='grc' dir='ltr'><strong><em>φήσας</em></strong></span> <span class='ocrx_word' id='word_1_99' title='bbox 1408 1655 1492 1737; x_wconf 85' lang='grc' dir='ltr'><strong><em>γοῦν</em></strong></span> <span class='ocrx_word' id='word_1_100' title='bbox 1510 1662 1542 1718; x_wconf 88' lang='grc'><strong><em>16</em></strong></span> 
     </span>
    </p>

    <p class='ocr_par' dir='ltr' id='par_1_5' title="bbox 182 1742 1493 1837">
     <span class='ocr_line' id='line_1_13' title="bbox 182 1742 1493 1837; baseline 0.003 -22"><span class='ocrx_word' id='word_1_101' title='bbox 182 1747 220 1815; x_wconf 90' lang='grc' dir='ltr'><strong><em>ἐν</em></strong></span> <span class='ocrx_word' id='word_1_102' title='bbox 243 1745 349 1835; x_wconf 77' lang='grc' dir='ltr'><strong><em>ἑτέρῳ</em></strong></span> <span class='ocrx_word' id='word_1_103' title='bbox 373 1753 591 1835; x_wconf 75' lang='grc' dir='ltr'><strong><em>[περιπίπτει]</em></strong></span> <span class='ocrx_word' id='word_1_104' title='bbox 615 1747 698 1837; x_wconf 81' lang='grc' dir='ltr'><strong><em>&lt;τὴν</em></strong></span> <span class='ocrx_word' id='word_1_105' title='bbox 713 1747 835 1836; x_wconf 83' lang='grc' dir='ltr'><strong><em>σόρκα&gt;</em></strong></span> <span class='ocrx_word' id='word_1_106' title='bbox 857 1749 941 1819; x_wconf 86' lang='grc' dir='ltr'><strong><em>είναι</em></strong></span> <span class='ocrx_word' id='word_1_107' title='bbox 960 1746 1025 1836; x_wconf 84' lang='grc' dir='ltr'><strong><em>τὴν</em></strong></span> <span class='ocrx_word' id='word_1_108' title='bbox 1044 1743 1166 1837; x_wconf 75' lang='grc' dir='ltr'><strong><em>»ἀρχὴν</em></strong></span> <span class='ocrx_word' id='word_1_109' title='bbox 1188 1742 1297 1819; x_wconf 73' lang='grc' dir='ltr'><strong><em>ὁδῶν(</em></strong></span> <span class='ocrx_word' id='word_1_110' title='bbox 1323 1754 1386 1820; x_wconf 84' lang='grc' dir='ltr'><strong><em>τοῦ</em></strong></span> <span class='ocrx_word' id='word_1_111' title='bbox 1407 1754 1493 1819; x_wconf 84' lang='grc' dir='ltr'><strong><em>θεοῦ</em></strong></span> 
     </span>
    </p>

    <p class='ocr_par' dir='ltr' id='par_1_6' title="bbox 182 1843 1491 1937">
     <span class='ocr_line' id='line_1_14' title="bbox 182 1843 1491 1937; baseline 0.003 -22"><span class='ocrx_word' id='word_1_112' title='bbox 182 1855 379 1916; x_wconf 77' lang='grc' dir='ltr'><strong><em>κτισθεῖσαν</em></strong></span> <span class='ocrx_word' id='word_1_113' title='bbox 404 1853 461 1916; x_wconf 88' lang='grc' dir='ltr'><strong><em>καί</em></strong></span> <span class='ocrx_word' id='word_1_114' title='bbox 486 1845 592 1919; x_wconf 89' lang='grc' dir='ltr'><strong><em>πάλιν</em></strong></span> <span class='ocrx_word' id='word_1_115' title='bbox 619 1854 813 1937; x_wconf 77' lang='grc' dir='ltr'><strong><em>ιθεμέλιονι</em></strong></span> <span class='ocrx_word' id='word_1_116' title='bbox 839 1845 904 1937; x_wconf 84' lang='grc' dir='ltr'><strong><em>τὴν</em></strong></span> <span class='ocrx_word' id='word_1_117' title='bbox 926 1843 1033 1937; x_wconf 84' lang='grc' dir='ltr'><strong><em>αύτὴν</em></strong></span> <span class='ocrx_word' id='word_1_118' title='bbox 1054 1847 1140 1918; x_wconf 79' lang='grc' dir='ltr'><strong><em>εἶναι</em></strong></span> <span class='ocrx_word' id='word_1_119' title='bbox 1162 1847 1282 1933; x_wconf 76' lang='grc' dir='ltr'><strong><em>είποόν,</em></strong></span> <span class='ocrx_word' id='word_1_120' title='bbox 1313 1844 1428 1936; x_wconf 77' lang='grc' dir='ltr'><strong><em>ἐπάγει</em></strong></span> <span class='ocrx_word' id='word_1_121' title='bbox 1451 1846 1491 1919; x_wconf 87' lang='grc' dir='ltr'><strong><em>τὸ</em></strong></span> 
     </span>
    </p>

    <p class='ocr_par' dir='ltr' id='par_1_7' title="bbox 186 1942 1492 2038">
     <span class='ocr_line' id='line_1_15' title="bbox 186 1942 1492 2038; baseline 0.003 -24"><span class='ocrx_word' id='word_1_122' title='bbox 186 1942 270 2033; x_wconf 79' lang='grc' dir='ltr'><strong><em>»πρὸ</em></strong></span> <span class='ocrx_word' id='word_1_123' title='bbox 291 1950 354 2015; x_wconf 80' lang='grc' dir='ltr'><strong><em>τοῦ</em></strong></span> <span class='ocrx_word' id='word_1_124' title='bbox 370 1944 435 2035; x_wconf 79' lang='grc' dir='ltr'><strong><em>τὴν</em></strong></span> <span class='ocrx_word' id='word_1_125' title='bbox 450 1952 514 2036; x_wconf 78' lang='grc' dir='ltr'><strong><em>γῆν</em></strong></span> <span class='ocrx_word' id='word_1_126' title='bbox 528 1955 696 2038; x_wconf 82' lang='grc' dir='ltr'><strong><em>ποιῆσαιι.</em></strong></span> <span class='ocrx_word' id='word_1_127' title='bbox 732 1945 796 2019; x_wconf 84' lang='grc' dir='ltr'><strong><em>εἶθ’</em></strong></span> <span class='ocrx_word' id='word_1_128' title='bbox 816 1945 985 2038; x_wconf 74' lang='grc' dir='ltr'><strong><em>ἓρμιγνεύει</em></strong></span> <span class='ocrx_word' id='word_1_129' title='bbox 1010 1946 1076 2037; x_wconf 78' lang='grc' dir='ltr'><strong><em>τὴν</em></strong></span> <span class='ocrx_word' id='word_1_130' title='bbox 1093 1953 1160 2038; x_wconf 79' lang='grc' dir='ltr'><strong><em>γῆν</em></strong></span> <span class='ocrx_word' id='word_1_131' title='bbox 1177 1944 1282 2020; x_wconf 89' lang='grc' dir='ltr'><strong><em>πάλιν</em></strong></span> <span class='ocrx_word' id='word_1_132' title='bbox 1301 1947 1367 2037; x_wconf 79' lang='grc' dir='ltr'><strong><em>τὴν</em></strong></span> <span class='ocrx_word' id='word_1_133' title='bbox 1385 1945 1492 2034; x_wconf 88' lang='grc' dir='ltr'><strong><em>σάρκα</em></strong></span> 
     </span>
    </p>

    <p class='ocr_par' dir='ltr' id='par_1_8' title="bbox 134 2040 1549 2237">
     <span class='ocr_line' id='line_1_16' title="bbox 134 2040 1549 2138; baseline 0.009 -30"><span class='ocrx_word' id='word_1_134' title='bbox 134 2056 165 2108; x_wconf 78' lang='grc'>15</span> <span class='ocrx_word' id='word_1_135' title='bbox 183 2042 284 2128; x_wconf 79' lang='grc' dir='ltr'><strong><em>εἶναι,</em></strong></span> <span class='ocrx_word' id='word_1_136' title='bbox 313 2040 374 2134; x_wconf 89' lang='grc' dir='ltr'><strong><em>ούχ</em></strong></span> <span class='ocrx_word' id='word_1_137' title='bbox 396 2040 489 2135; x_wconf 81' lang='grc' dir='ltr'><strong><em>δρῶν</em></strong></span> <span class='ocrx_word' id='word_1_138' title='bbox 511 2045 559 2130; x_wconf 70' lang='grc' dir='ltr'><strong><em>οάς</em></strong></span> <span class='ocrx_word' id='word_1_139' title='bbox 582 2045 740 2136; x_wconf 72' lang='grc' dir='ltr'><strong><em>οὐδεμίαν</em></strong></span> <span class='ocrx_word' id='word_1_140' title='bbox 761 2049 826 2136; x_wconf 80' lang='grc' dir='ltr'><strong><em>ἔχει</em></strong></span> <span class='ocrx_word' id='word_1_141' title='bbox 847 2042 1060 2119; x_wconf 83' lang='grc' dir='ltr'><strong><em>άκολουθίαν</em></strong></span> <span class='ocrx_word' id='word_1_142' title='bbox 1082 2053 1088 2135; x_wconf 89' lang='grc' dir='ltr'>Ι</span> <span class='ocrx_word' id='word_1_143' title='bbox 1110 2046 1178 2137; x_wconf 85' lang='grc' dir='ltr'><strong><em>πρὸ</em></strong></span> <span class='ocrx_word' id='word_1_144' title='bbox 1200 2054 1262 2138; x_wconf 82' lang='grc' dir='ltr'><strong><em>τῆς</em></strong></span> <span class='ocrx_word' id='word_1_145' title='bbox 1284 2045 1406 2133; x_wconf 87' lang='grc' dir='ltr'><strong><em>σαρκὸς</em></strong></span> <span class='ocrx_word' id='word_1_146' title='bbox 1427 2046 1492 2135; x_wconf 74' lang='grc' dir='ltr'><strong><em>τὴν</em></strong></span> <span class='ocrx_word' id='word_1_147' title='bbox 1510 2064 1549 2121; x_wconf 76' lang='grc'><strong><em>48</em></strong></span> 
     </span>
     <span class='ocr_line' id='line_1_17' title="bbox 183 2139 1493 2237; baseline 0.004 -24"><span class='ocrx_word' id='word_1_148' title='bbox 183 2139 291 2231; x_wconf 87' lang='grc' dir='ltr'><strong><em>σάρκα</em></strong></span> <span class='ocrx_word' id='word_1_149' title='bbox 312 2148 468 2215; x_wconf 77' lang='grc' dir='ltr'><strong><em>ἐκτίσθαι</em></strong></span> <span class='ocrx_word' id='word_1_150' title='bbox 498 2154 609 2237; x_wconf 85' lang='grc' dir='ltr'><strong><em>λέγειν</em></strong></span> <span class='ocrx_word' id='word_1_151' title='bbox 638 2155 695 2218; x_wconf 86' lang='grc' dir='ltr'><strong><em>καὶ</em></strong></span> <span class='ocrx_word' id='word_1_152' title='bbox 724 2147 810 2237; x_wconf 84' lang='grc' dir='ltr'><strong><em>μετὰ</em></strong></span> <span class='ocrx_word' id='word_1_153' title='bbox 840 2146 905 2236; x_wconf 85' lang='grc' dir='ltr'><strong><em>τὴν</em></strong></span> <span class='ocrx_word' id='word_1_154' title='bbox 934 2155 1046 2218; x_wconf 88' lang='grc' dir='ltr'><strong><em>κτίσιν</em></strong></span> <span class='ocrx_word' id='word_1_155' title='bbox 1072 2153 1134 2237; x_wconf 78' lang='grc' dir='ltr'><strong><em>τῆς</em></strong></span> <span class='ocrx_word' id='word_1_156' title='bbox 1155 2144 1278 2235; x_wconf 86' lang='grc' dir='ltr'><strong><em>σαρκός</em></strong></span> <span class='ocrx_word' id='word_1_157' title='bbox 1298 2145 1405 2220; x_wconf 88' lang='grc' dir='ltr'><strong><em>πάλιν</em></strong></span> <span class='ocrx_word' id='word_1_158' title='bbox 1427 2145 1493 2235; x_wconf 81' lang='grc' dir='ltr'><strong><em>τὴν</em></strong></span> 
     </span>
    </p>

    <p class='ocr_par' dir='ltr' id='par_1_9' title="bbox 183 2238 1543 2536">
     <span class='ocr_line' id='line_1_18' title="bbox 183 2238 1543 2337; baseline 0.004 -25"><span class='ocrx_word' id='word_1_159' title='bbox 183 2238 290 2329; x_wconf 88' lang='grc' dir='ltr'><strong><em>σάρκα</em></strong></span> <span class='ocrx_word' id='word_1_160' title='bbox 312 2238 500 2331; x_wconf 73' lang='grc' dir='ltr'><strong><em>ὀνομάζειν.</em></strong></span> <span class='ocrx_word' id='word_1_161' title='bbox 544 2241 563 2318; x_wconf 85' lang='grc' dir='ltr'><strong><em>ό</em></strong></span> <span class='ocrx_word' id='word_1_162' title='bbox 586 2252 621 2317; x_wconf 81' lang='grc' dir='ltr'><strong><em>δὲ</em></strong></span> <span class='ocrx_word' id='word_1_163' title='bbox 643 2250 694 2319; x_wconf 79' lang='grc' dir='ltr'><strong><em>ἔτι</em></strong></span> <span class='ocrx_word' id='word_1_164' title='bbox 714 2245 802 2335; x_wconf 85' lang='grc' dir='ltr'><strong><em>πρὸς</em></strong></span> <span class='ocrx_word' id='word_1_165' title='bbox 824 2245 962 2330; x_wconf 78' lang='grc' dir='ltr'><strong><em>τούτοις</em></strong></span> <span class='ocrx_word' id='word_1_166' title='bbox 983 2250 1135 2336; x_wconf 83' lang='grc' dir='ltr'><strong><em>ἐπιφέρει</em></strong></span> <span class='ocrx_word' id='word_1_167' title='bbox 1157 2248 1232 2337; x_wconf 76' lang='grc' dir='ltr'><strong><em>ἑξῆς</em></strong></span> <span class='ocrx_word' id='word_1_168' title='bbox 1254 2252 1364 2336; x_wconf 91' lang='grc' dir='ltr'><strong><em>λέγων</em></strong></span> <span class='ocrx_word' id='word_1_169' title='bbox 1511 2254 1543 2306; x_wconf 84' lang='grc'>17</span> 
     </span>
     <span class='ocr_line' id='line_1_19' title="bbox 246 2343 1493 2437; baseline 0.004 -25"><span class='ocrx_word' id='word_1_170' title='bbox 246 2346 316 2427; x_wconf 84' lang='grc' dir='ltr'><strong><em>(Νι.</em></strong></span> <span class='ocrx_word' id='word_1_171' title='bbox 332 2352 383 2431; x_wconf 85' lang='grc'>19)</span> <span class='ocrx_word' id='word_1_172' title='bbox 406 2343 479 2414; x_wconf 80' lang='grc' dir='ltr'><strong><em>εἶτα</em></strong></span> <span class='ocrx_word' id='word_1_173' title='bbox 504 2344 588 2433; x_wconf 74' lang='grc' dir='ltr'><strong><em>»πρὸ</em></strong></span> <span class='ocrx_word' id='word_1_174' title='bbox 611 2353 674 2420; x_wconf 85' lang='grc' dir='ltr'><strong><em>τοῦ</em></strong></span> <span class='ocrx_word' id='word_1_175' title='bbox 696 2345 756 2429; x_wconf 81' lang='grc' dir='ltr'><strong><em>τὰς</em></strong></span> <span class='ocrx_word' id='word_1_176' title='bbox 771 2343 935 2432; x_wconf 74' lang='grc' dir='ltr'><strong><em>ἀβύσσους</em></strong></span> <span class='ocrx_word' id='word_1_177' title='bbox 949 2353 1103 2437; x_wconf 66' lang='grc' dir='ltr'><strong><em>ποιῆσαι(</em></strong></span> <span class='ocrx_word' id='word_1_178' title='bbox 1123 2355 1237 2435; x_wconf 87' lang='grc' dir='ltr'><strong><em>φησίν·</em></strong></span> <span class='ocrx_word' id='word_1_179' title='bbox 1265 2350 1416 2419; x_wconf 85' lang='grc' dir='ltr'><strong><em>ἐνταῦθα</em></strong></span> <span class='ocrx_word' id='word_1_180' title='bbox 1431 2345 1493 2428; x_wconf 81' lang='grc' dir='ltr'><strong><em>τὰς</em></strong></span> 
     </span>
     <span class='ocr_line' id='line_1_20' title="bbox 245 2438 1494 2536; baseline 0 -23"><span class='ocrx_word' id='word_1_181' title='bbox 245 2438 409 2527; x_wconf 85' lang='grc' dir='ltr'><strong><em>άβύσσους</em></strong></span> <span class='ocrx_word' id='word_1_182' title='bbox 430 2450 672 2535; x_wconf 83' lang='grc' dir='ltr'><strong><em>παροιμιωδῶς</em></strong></span> <span class='ocrx_word' id='word_1_183' title='bbox 693 2441 713 2518; x_wconf 89' lang='grc' dir='ltr'><strong><em>ό</em></strong></span> <span class='ocrx_word' id='word_1_184' title='bbox 734 2444 915 2536; x_wconf 78' lang='grc' dir='ltr'><strong><em>προφήτης</em></strong></span> <span class='ocrx_word' id='word_1_185' title='bbox 936 2444 999 2528; x_wconf 82' lang='grc' dir='ltr'><strong><em>τάς</em></strong></span> <span class='ocrx_word' id='word_1_186' title='bbox 1020 2453 1094 2517; x_wconf 81' lang='grc' dir='ltr'><strong><em>τῶν</em></strong></span> <span class='ocrx_word' id='word_1_187' title='bbox 1120 2440 1229 2533; x_wconf 86' lang='grc' dir='ltr'><strong><em>άγίων</em></strong></span> <span class='ocrx_word' id='word_1_188' title='bbox 1249 2451 1386 2532; x_wconf 78' lang='grc' dir='ltr'><strong><em>καρδίας</em></strong></span> <span class='ocrx_word' id='word_1_189' title='bbox 1407 2444 1494 2516; x_wconf 84' lang='grc' dir='ltr'><strong><em>είναι</em></strong></span> 
     </span>
    </p>

    <p class='ocr_par' dir='ltr' id='par_1_10' title="bbox 135 2540 1492 2634">
     <span class='ocr_line' id='line_1_21' title="bbox 135 2540 1492 2634; baseline 0 -22"><span class='ocrx_word' id='word_1_190' title='bbox 135 2549 167 2603; x_wconf 77' lang='lat'><strong><em>20</em></strong></span> <span class='ocrx_word' id='word_1_191' title='bbox 246 2548 336 2632; x_wconf 83' lang='grc' dir='ltr'><strong><em>λέγει</em></strong></span> <span class='ocrx_word' id='word_1_192' title='bbox 350 2541 411 2625; x_wconf 82' lang='grc' dir='ltr'><strong><em>τὰς</em></strong></span> <span class='ocrx_word' id='word_1_193' title='bbox 426 2546 463 2614; x_wconf 86' lang='grc' dir='ltr'><strong><em>ἐν</em></strong></span> <span class='ocrx_word' id='word_1_194' title='bbox 478 2550 528 2633; x_wconf 79' lang='grc' dir='ltr'><strong><em>τῷ</em></strong></span> <span class='ocrx_word' id='word_1_195' title='bbox 544 2545 677 2618; x_wconf 74' lang='grc' dir='ltr'><strong><em>ἑαυτῶν</em></strong></span> <span class='ocrx_word' id='word_1_196' title='bbox 691 2544 790 2632; x_wconf 86' lang='grc' dir='ltr'><strong><em>βάθει</em></strong></span> <span class='ocrx_word' id='word_1_197' title='bbox 811 2545 877 2634; x_wconf 81' lang='grc' dir='ltr'><strong><em>τὴν</em></strong></span> <span class='ocrx_word' id='word_1_198' title='bbox 899 2550 961 2617; x_wconf 85' lang='grc' dir='ltr'><strong><em>τοῦ</em></strong></span> <span class='ocrx_word' id='word_1_199' title='bbox 982 2543 1174 2634; x_wconf 88' lang='grc' dir='ltr'><strong><em>πνεύματος</em></strong></span> <span class='ocrx_word' id='word_1_200' title='bbox 1196 2541 1334 2632; x_wconf 83' lang='grc' dir='ltr'><strong><em>ἐχούσας</em></strong></span> <span class='ocrx_word' id='word_1_201' title='bbox 1350 2540 1492 2633; x_wconf 89' lang='grc' dir='ltr'><strong><em>δωρεάν.</em></strong></span> 
     </span>
    </p>

    <p class='ocr_par' dir='ltr' id='par_1_11' title="bbox 183 2639 1543 2734">
     <span class='ocr_line' id='line_1_22' title="bbox 183 2639 1543 2734; baseline 0.003 -24"><span class='ocrx_word' id='word_1_202' title='bbox 183 2648 239 2712; x_wconf 86' lang='grc' dir='ltr'><strong><em>καὶ</em></strong></span> <span class='ocrx_word' id='word_1_203' title='bbox 262 2644 299 2711; x_wconf 87' lang='grc' dir='ltr'><strong><em>ἐν</em></strong></span> <span class='ocrx_word' id='word_1_204' title='bbox 321 2640 458 2725; x_wconf 85' lang='grc' dir='ltr'><strong><em>τούτοις</em></strong></span> <span class='ocrx_word' id='word_1_205' title='bbox 480 2648 516 2713; x_wconf 82' lang='grc' dir='ltr'><strong><em>δὲ</em></strong></span> <span class='ocrx_word' id='word_1_206' title='bbox 538 2642 690 2733; x_wconf 89' lang='grc' dir='ltr'><strong><em>πρόσχες,</em></strong></span> <span class='ocrx_word' id='word_1_207' title='bbox 713 2639 809 2726; x_wconf 83' lang='grc' dir='ltr'><strong><em>όπως</em></strong></span> <span class='ocrx_word' id='word_1_208' title='bbox 825 2650 870 2726; x_wconf 92' lang='grc' dir='ltr'><strong><em>είς</em></strong></span> <span class='ocrx_word' id='word_1_209' title='bbox 892 2643 957 2734; x_wconf 83' lang='grc' dir='ltr'><strong><em>τὴν</em></strong></span> <span class='ocrx_word' id='word_1_210' title='bbox 978 2640 1084 2730; x_wconf 88' lang='grc' dir='ltr'><strong><em>σάρκα</em></strong></span> <span class='ocrx_word' id='word_1_211' title='bbox 1106 2645 1260 2727; x_wconf 78' lang='grc' dir='ltr'><strong><em>ἐκλαβών</em></strong></span> <span class='ocrx_word' id='word_1_212' title='bbox 1282 2648 1435 2733; x_wconf 83' lang='grc' dir='ltr'><strong><em>εἰρῆσθαι</em></strong></span> <span class='ocrx_word' id='word_1_213' title='bbox 1450 2640 1491 2714; x_wconf 85' lang='grc' dir='ltr'><strong><em>τό</em></strong></span> <span class='ocrx_word' id='word_1_214' title='bbox 1511 2654 1543 2708; x_wconf 89' lang='grc'><strong><em>18</em></strong></span> 
     </span>
    </p>

    <p class='ocr_par' dir='ltr' id='par_1_12' title="bbox 186 2738 1493 2833">
     <span class='ocr_line' id='line_1_23' title="bbox 186 2738 1493 2833; baseline 0.001 -22"><span class='ocrx_word' id='word_1_215' title='bbox 186 2738 321 2828; x_wconf 78' lang='grc' dir='ltr'><strong><em>»κύριος</em></strong></span> <span class='ocrx_word' id='word_1_216' title='bbox 351 2745 481 2814; x_wconf 86' lang='grc' dir='ltr'><strong><em>ἐκτισέν</em></strong></span> <span class='ocrx_word' id='word_1_217' title='bbox 510 2771 584 2832; x_wconf 80' lang='grc' dir='ltr'><strong><em>μει,</em></strong></span> <span class='ocrx_word' id='word_1_218' title='bbox 616 2748 733 2815; x_wconf 72' lang='grc' dir='ltr'><strong><em>ἔπειτα</em></strong></span> <span class='ocrx_word' id='word_1_219' title='bbox 763 2742 1077 2833; x_wconf 86' lang='grc' dir='ltr'><strong><em>στενοχωρούμενος</em></strong></span> <span class='ocrx_word' id='word_1_220' title='bbox 1097 2749 1153 2816; x_wconf 68' lang='lat'><strong><em>451</em></strong></span> <span class='ocrx_word' id='word_1_221' title='bbox 1175 2739 1243 2814; x_wconf 83' lang='grc' dir='ltr'><strong><em>ύπό</em></strong></span> <span class='ocrx_word' id='word_1_222' title='bbox 1274 2748 1335 2833; x_wconf 81' lang='grc' dir='ltr'><strong><em>τῆς</em></strong></span> <span class='ocrx_word' id='word_1_223' title='bbox 1360 2748 1493 2832; x_wconf 81' lang='grc' dir='ltr'><strong><em>γραφῆς</em></strong></span> 
     </span>
    </p>

    <p class='ocr_par' dir='ltr' id='par_1_13' title="bbox 184 2838 1493 2933">
     <span class='ocr_line' id='line_1_24' title="bbox 184 2838 1493 2933; baseline 0.002 -24"><span class='ocrx_word' id='word_1_224' title='bbox 184 2838 345 2929; x_wconf 80' lang='grc' dir='ltr'><strong><em>λεγούσης</em></strong></span> <span class='ocrx_word' id='word_1_225' title='bbox 370 2839 455 2931; x_wconf 74' lang='grc' dir='ltr'><strong><em>»πρὸ</em></strong></span> <span class='ocrx_word' id='word_1_226' title='bbox 478 2848 542 2914; x_wconf 84' lang='grc' dir='ltr'><strong><em>τοῦ</em></strong></span> <span class='ocrx_word' id='word_1_227' title='bbox 563 2842 624 2925; x_wconf 82' lang='grc' dir='ltr'><strong><em>τὰς</em></strong></span> <span class='ocrx_word' id='word_1_228' title='bbox 646 2840 808 2927; x_wconf 86' lang='grc' dir='ltr'><strong><em>άβύσσους</em></strong></span> <span class='ocrx_word' id='word_1_229' title='bbox 833 2848 1007 2933; x_wconf 79' lang='grc' dir='ltr'><strong><em>ποιῆσαιι,</em></strong></span> <span class='ocrx_word' id='word_1_230' title='bbox 1039 2841 1100 2925; x_wconf 85' lang='grc' dir='ltr'><strong><em>τὰς</em></strong></span> <span class='ocrx_word' id='word_1_231' title='bbox 1125 2848 1187 2933; x_wconf 73' lang='grc' dir='ltr'><strong><em>μέν</em></strong></span> <span class='ocrx_word' id='word_1_232' title='bbox 1212 2838 1375 2927; x_wconf 86' lang='grc' dir='ltr'><strong><em>άβύσσους</em></strong></span> <span class='ocrx_word' id='word_1_233' title='bbox 1396 2841 1493 2931; x_wconf 72' lang='grc' dir='ltr'><strong><em>ἑρμη-</em></strong></span> 
     </span>
    </p>

    <p class='ocr_par' dir='ltr' id='par_1_14' title="bbox 135 2936 1493 3132">
     <span class='ocr_line' id='line_1_25' title="bbox 182 2936 1493 3035; baseline 0.003 -27"><span class='ocrx_word' id='word_1_234' title='bbox 182 2936 273 3009; x_wconf 86' lang='grc' dir='ltr'><strong><em>νεύει</em></strong></span> <span class='ocrx_word' id='word_1_235' title='bbox 294 2938 356 3022; x_wconf 83' lang='grc' dir='ltr'><strong><em>τὰς</em></strong></span> <span class='ocrx_word' id='word_1_236' title='bbox 378 2946 452 3012; x_wconf 82' lang='grc' dir='ltr'><strong><em>τῶν</em></strong></span> <span class='ocrx_word' id='word_1_237' title='bbox 473 2937 580 3031; x_wconf 84' lang='grc' dir='ltr'><strong><em>άγίων</em></strong></span> <span class='ocrx_word' id='word_1_238' title='bbox 600 2949 738 3032; x_wconf 82' lang='grc' dir='ltr'><strong><em>καρδίας</em></strong></span> <span class='ocrx_word' id='word_1_239' title='bbox 760 2949 871 3032; x_wconf 86' lang='grc' dir='ltr'><strong><em>λέγων</em></strong></span> <span class='ocrx_word' id='word_1_240' title='bbox 898 2939 1003 3026; x_wconf 83' lang='grc' dir='ltr'><strong><em>αύτὰς</em></strong></span> <span class='ocrx_word' id='word_1_241' title='bbox 1033 2943 1130 3028; x_wconf 83' lang='grc' dir='ltr'><strong><em>εἶναι,</em></strong></span> <span class='ocrx_word' id='word_1_242' title='bbox 1161 2939 1202 3013; x_wconf 83' lang='grc' dir='ltr'><strong><em>ού</em></strong></span> <span class='ocrx_word' id='word_1_243' title='bbox 1232 2948 1357 3035; x_wconf 78' lang='grc' dir='ltr'><strong><em>συνορᾷ</em></strong></span> <span class='ocrx_word' id='word_1_244' title='bbox 1380 2949 1415 3014; x_wconf 79' lang='grc' dir='ltr'><strong><em>δὲ</em></strong></span> <span class='ocrx_word' id='word_1_245' title='bbox 1437 2936 1493 3012; x_wconf 88' lang='grc' dir='ltr'><strong><em>ότι</em></strong></span> 
     </span>
     <span class='ocr_line' id='line_1_26' title="bbox 135 3034 1493 3132; baseline 0.002 -25"><span class='ocrx_word' id='word_1_246' title='bbox 135 3041 166 3097; x_wconf 78' lang='lat'><strong><em>25</em></strong></span> <span class='ocrx_word' id='word_1_247' title='bbox 183 3039 216 3107; x_wconf 86' lang='grc' dir='ltr'><strong><em>αί</em></strong></span> <span class='ocrx_word' id='word_1_248' title='bbox 237 3044 314 3110; x_wconf 84' lang='grc' dir='ltr'><strong><em>τῶν</em></strong></span> <span class='ocrx_word' id='word_1_249' title='bbox 338 3034 445 3127; x_wconf 88' lang='grc' dir='ltr'><strong><em>άγίων</em></strong></span> <span class='ocrx_word' id='word_1_250' title='bbox 465 3047 613 3130; x_wconf 90' lang='grc' dir='ltr'><strong><em>καρδίαι,</em></strong></span> <span class='ocrx_word' id='word_1_251' title='bbox 645 3049 708 3114; x_wconf 83' lang='grc' dir='ltr'><strong><em>τοῦ</em></strong></span> <span class='ocrx_word' id='word_1_252' title='bbox 727 3038 869 3132; x_wconf 80' lang='grc' dir='ltr'><strong><em>Ἁβραάμ</em></strong></span> <span class='ocrx_word' id='word_1_253' title='bbox 901 3040 1028 3132; x_wconf 82' lang='grc' dir='ltr'><strong><em>δηλαδὴ</em></strong></span> <span class='ocrx_word' id='word_1_254' title='bbox 1059 3048 1113 3113; x_wconf 87' lang='grc' dir='ltr'><strong><em>καί</em></strong></span> <span class='ocrx_word' id='word_1_255' title='bbox 1141 3048 1204 3114; x_wconf 87' lang='grc' dir='ltr'><strong><em>τοῦ</em></strong></span> <span class='ocrx_word' id='word_1_256' title='bbox 1224 3036 1331 3113; x_wconf 81' lang='grc' dir='ltr'><strong><em>Ἰσαὰκ</em></strong></span> <span class='ocrx_word' id='word_1_257' title='bbox 1352 3048 1407 3113; x_wconf 88' lang='grc' dir='ltr'><strong><em>καί</em></strong></span> <span class='ocrx_word' id='word_1_258' title='bbox 1430 3047 1493 3112; x_wconf 85' lang='grc' dir='ltr'><strong><em>τοῦ</em></strong></span> 
     </span>
    </p>

    <p class='ocr_par' dir='ltr' id='par_1_15' title="bbox 182 3131 1492 3231">
     <span class='ocr_line' id='line_1_27' title="bbox 182 3131 1492 3231; baseline 0.004 -25"><span class='ocrx_word' id='word_1_259' title='bbox 182 3131 300 3221; x_wconf 75' lang='grc' dir='ltr'><strong><em>Ἰακώβ</em></strong></span> <span class='ocrx_word' id='word_1_260' title='bbox 320 3145 472 3222; x_wconf 83' lang='grc' dir='ltr'><strong><em>Μωσέως</em></strong></span> <span class='ocrx_word' id='word_1_261' title='bbox 494 3169 532 3211; x_wconf 90' lang='grc' dir='ltr'><strong><em>τε</em></strong></span> <span class='ocrx_word' id='word_1_262' title='bbox 553 3146 608 3210; x_wconf 75' lang='grc' dir='ltr'><strong><em>καὶ</em></strong></span> <span class='ocrx_word' id='word_1_263' title='bbox 629 3137 743 3214; x_wconf 84' lang='grc' dir='ltr'><strong><em>Ἡλίου</em></strong></span> <span class='ocrx_word' id='word_1_264' title='bbox 763 3149 818 3213; x_wconf 85' lang='grc' dir='ltr'><strong><em>καί</em></strong></span> <span class='ocrx_word' id='word_1_265' title='bbox 841 3147 1043 3231; x_wconf 78' lang='grc' dir='ltr'><strong><em>Μελχισεδὲκ</em></strong></span> <span class='ocrx_word' id='word_1_266' title='bbox 1069 3147 1124 3212; x_wconf 89' lang='grc' dir='ltr'><strong><em>καί</em></strong></span> <span class='ocrx_word' id='word_1_267' title='bbox 1152 3148 1227 3212; x_wconf 81' lang='grc' dir='ltr'><strong><em>τῶν</em></strong></span> <span class='ocrx_word' id='word_1_268' title='bbox 1252 3148 1387 3212; x_wconf 80' lang='grc' dir='ltr'><strong><em>λοιπῶν</em></strong></span> <span class='ocrx_word' id='word_1_269' title='bbox 1408 3168 1492 3230; x_wconf 90' lang='grc' dir='ltr'><strong><em>προ·</em></strong></span> 
     </span>
    </p>

    <p class='ocr_par' dir='ltr' id='par_1_16' title="bbox 183 3232 1543 3330">
     <span class='ocr_line' id='line_1_28' title="bbox 183 3232 1543 3330; baseline 0.004 -24"><span class='ocrx_word' id='word_1_270' title='bbox 183 3244 321 3325; x_wconf 72' lang='grc' dir='ltr'><strong><em>φυτῶν,</em></strong></span> <span class='ocrx_word' id='word_1_271' title='bbox 347 3236 416 3328; x_wconf 89' lang='grc' dir='ltr'><strong><em>πρὸ</em></strong></span> <span class='ocrx_word' id='word_1_272' title='bbox 439 3244 499 3329; x_wconf 80' lang='grc' dir='ltr'><strong><em>τῆς</em></strong></span> <span class='ocrx_word' id='word_1_273' title='bbox 522 3239 645 3326; x_wconf 87' lang='grc' dir='ltr'><strong><em>σαρκὸς</em></strong></span> <span class='ocrx_word' id='word_1_274' title='bbox 667 3238 844 3330; x_wconf 84' lang='grc' dir='ltr'><strong><em>γεγόνασιν</em></strong></span> <span class='ocrx_word' id='word_1_275' title='bbox 865 3249 928 3312; x_wconf 87' lang='grc' dir='ltr'><strong><em>τοῦ</em></strong></span> <span class='ocrx_word' id='word_1_276' title='bbox 950 3247 1113 3330; x_wconf 80' lang='grc' dir='ltr'><strong><em>σωτῆρος.</em></strong></span> <span class='ocrx_word' id='word_1_277' title='bbox 1155 3247 1232 3322; x_wconf 82' lang='grc' dir='ltr'><strong><em>πῶς</em></strong></span> <span class='ocrx_word' id='word_1_278' title='bbox 1258 3232 1322 3310; x_wconf 81' lang='grc' dir='ltr'><strong><em>οὖν</em></strong></span> <span class='ocrx_word' id='word_1_279' title='bbox 1343 3239 1493 3312; x_wconf 86' lang='grc' dir='ltr'><strong><em>δυνατὸν</em></strong></span> <span class='ocrx_word' id='word_1_280' title='bbox 1511 3252 1543 3305; x_wconf 89' lang='grc'><strong><em>19</em></strong></span> 
     </span>
    </p>

    <p class='ocr_par' dir='ltr' id='par_1_17' title="bbox 182 3335 1493 3429">
     <span class='ocr_line' id='line_1_29' title="bbox 182 3335 1493 3429; baseline 0.001 -23"><span class='ocrx_word' id='word_1_281' title='bbox 182 3340 237 3407; x_wconf 84' lang='grc' dir='ltr'><strong><em>ἐπὶ</em></strong></span> <span class='ocrx_word' id='word_1_282' title='bbox 259 3337 326 3427; x_wconf 84' lang='grc' dir='ltr'><strong><em>τὴν</em></strong></span> <span class='ocrx_word' id='word_1_283' title='bbox 347 3335 454 3427; x_wconf 90' lang='grc' dir='ltr'><strong><em>σάρκα</em></strong></span> <span class='ocrx_word' id='word_1_284' title='bbox 475 3335 659 3428; x_wconf 85' lang='grc' dir='ltr'><strong><em>άναφέρειν</em></strong></span> <span class='ocrx_word' id='word_1_285' title='bbox 680 3337 755 3427; x_wconf 81' lang='grc' dir='ltr'><strong><em>&lt;τὸ&gt;</em></strong></span> <span class='ocrx_word' id='word_1_286' title='bbox 781 3337 865 3429; x_wconf 76' lang='grc' dir='ltr'><strong><em>»πρὸ</em></strong></span> <span class='ocrx_word' id='word_1_287' title='bbox 888 3347 952 3413; x_wconf 84' lang='grc' dir='ltr'><strong><em>τοῦ</em></strong></span> <span class='ocrx_word' id='word_1_288' title='bbox 973 3340 1034 3423; x_wconf 79' lang='grc' dir='ltr'><strong><em>τὰς</em></strong></span> <span class='ocrx_word' id='word_1_289' title='bbox 1056 3335 1220 3423; x_wconf 87' lang='grc' dir='ltr'><strong><em>άβύσσους</em></strong></span> <span class='ocrx_word' id='word_1_290' title='bbox 1240 3344 1415 3428; x_wconf 60' lang='grc' dir='ltr'><strong><em>ποιήσαις</em></strong></span> <span class='ocrx_word' id='word_1_291' title='bbox 1437 3345 1493 3409; x_wconf 86' lang='grc' dir='ltr'><strong><em>καὶ</em></strong></span> 
     </span>
    </p>

    <p class='ocr_par' dir='ltr' id='par_1_18' title="bbox 135 3431 1493 3727">
     <span class='ocr_line' id='line_1_30' title="bbox 181 3431 1010 3536; baseline 0.005 -29"><span class='ocrx_word' id='word_1_292' title='bbox 181 3432 260 3521; x_wconf 80' lang='grc' dir='ltr'><strong><em>μεθ’</em></strong></span> <span class='ocrx_word' id='word_1_293' title='bbox 282 3436 379 3524; x_wconf 76' lang='grc' dir='ltr'><strong><em>ἕτερα</em></strong></span> <span class='ocrx_word' id='word_1_294' title='bbox 402 3443 437 3510; x_wconf 78' lang='grc' dir='ltr'><strong><em>δέ</em></strong></span> <span class='ocrx_word' id='word_1_295' title='bbox 460 3431 560 3519; x_wconf 78' lang='grc' dir='ltr'><strong><em>αὖθις</em></strong></span> <span class='ocrx_word' id='word_1_296' title='bbox 582 3437 698 3527; x_wconf 89' lang='grc' dir='ltr'><strong><em>ἐπάγει</em></strong></span> <span class='ocrx_word' id='word_1_297' title='bbox 722 3445 831 3528; x_wconf 83' lang='grc' dir='ltr'><strong><em>λέγων</em></strong></span> <span class='ocrx_word' id='word_1_298' title='bbox 1008 3532 1010 3536; x_wconf 20' lang='lat'><strong><em>¹</em></strong></span> 
     </span>
     <span class='ocr_line' id='line_1_31' title="bbox 135 3534 1492 3627; baseline 0.002 -22"><span class='ocrx_word' id='word_1_299' title='bbox 135 3540 167 3593; x_wconf 80' lang='lat'><strong><em>30</em></strong></span> <span class='ocrx_word' id='word_1_300' title='bbox 246 3539 316 3620; x_wconf 87' lang='lat' dir='ltr'><strong>(Nr.</strong></span> <span class='ocrx_word' id='word_1_301' title='bbox 331 3544 384 3623; x_wconf 79' lang='lat'><strong><em>20)</em></strong></span> <span class='ocrx_word' id='word_1_302' title='bbox 407 3546 441 3610; x_wconf 89' lang='grc' dir='ltr'><strong><em>τί</em></strong></span> <span class='ocrx_word' id='word_1_303' title='bbox 463 3543 581 3610; x_wconf 86' lang='grc' dir='ltr'><strong><em>τοίνυν</em></strong></span> <span class='ocrx_word' id='word_1_304' title='bbox 603 3542 695 3610; x_wconf 89' lang='grc' dir='ltr'><strong><em>ἐστίν</em></strong></span> <span class='ocrx_word' id='word_1_305' title='bbox 717 3547 789 3627; x_wconf 84' lang='grc' dir='ltr'><strong><em>&lt;καί</em></strong></span> <span class='ocrx_word' id='word_1_306' title='bbox 811 3546 924 3627; x_wconf 81' lang='grc' dir='ltr'><strong><em>τουτί&gt;</em></strong></span> <span class='ocrx_word' id='word_1_307' title='bbox 947 3538 988 3610; x_wconf 87' lang='grc' dir='ltr'><strong><em>τὸ</em></strong></span> <span class='ocrx_word' id='word_1_308' title='bbox 1009 3534 1198 3626; x_wconf 88' lang='grc' dir='ltr'><strong><em>κεφάλαιον</em></strong></span> <span class='ocrx_word' id='word_1_309' title='bbox 1222 3535 1307 3626; x_wconf 73' lang='grc' dir='ltr'><strong><em>»πρὸ</em></strong></span> <span class='ocrx_word' id='word_1_310' title='bbox 1325 3543 1389 3609; x_wconf 87' lang='grc' dir='ltr'><strong><em>τοῦ</em></strong></span> <span class='ocrx_word' id='word_1_311' title='bbox 1410 3565 1492 3625; x_wconf 90' lang='grc' dir='ltr'><strong><em>προ-</em></strong></span> 
     </span>
     <span class='ocr_line' id='line_1_32' title="bbox 246 3633 1493 3727; baseline -0.001 -20"><span class='ocrx_word' id='word_1_312' title='bbox 246 3647 362 3709; x_wconf 75' lang='grc' dir='ltr'><strong><em>ελθεῖν</em></strong></span> <span class='ocrx_word' id='word_1_313' title='bbox 384 3636 446 3720; x_wconf 82' lang='grc' dir='ltr'><strong><em>τὰς</em></strong></span> <span class='ocrx_word' id='word_1_314' title='bbox 466 3637 576 3727; x_wconf 83' lang='grc' dir='ltr'><strong><em>πηγάς</em></strong></span> <span class='ocrx_word' id='word_1_315' title='bbox 602 3644 703 3727; x_wconf 65' lang='lat' dir='ltr'><strong><em>&lt;ufir</em></strong></span> <span class='ocrx_word' id='word_1_316' title='bbox 717 3635 889 3722; x_wconf 80' lang='grc' dir='ltr'><strong><em>ύδάτων«;</em></strong></span> <span class='ocrx_word' id='word_1_317' title='bbox 924 3637 1005 3722; x_wconf 80' lang='grc' dir='ltr'><strong><em>τούς</em></strong></span> <span class='ocrx_word' id='word_1_318' title='bbox 1032 3637 1142 3723; x_wconf 87' lang='grc' dir='ltr'><strong><em>ίεροὺς</em></strong></span> <span class='ocrx_word' id='word_1_319' title='bbox 1168 3633 1382 3719; x_wconf 86' lang='grc' dir='ltr'><strong><em>άποστόλους</em></strong></span> <span class='ocrx_word' id='word_1_320' title='bbox 1407 3638 1493 3708; x_wconf 82' lang='grc' dir='ltr'><strong><em>εἶναί</em></strong></span> 
     </span>
    </p>
   </div>
   <div class='ocr_carea' id='block_1_3' title="bbox 184 3857 1493 4127">
    <p class='ocr_par' dir='ltr' id='par_1_19' title="bbox 184 3857 1493 4127">
     <span class='ocr_line' id='line_1_33' title="bbox 270 3857 1492 3925; baseline 0.001 -12"><span class='ocrx_word' id='word_1_321' title='bbox 270 3858 387 3913; x_wconf 76' lang='grc' dir='ltr'><strong><em>2Ρτοι.</em></strong></span> <span class='ocrx_word' id='word_1_322' title='bbox 405 3859 431 3925; x_wconf 97' lang='grc'><strong><em>8,</em></strong></span> <span class='ocrx_word' id='word_1_323' title='bbox 449 3857 482 3912; x_wconf 87' lang='grc'><strong><em>23</em></strong></span> <span class='ocrx_word' id='word_1_324' title='bbox 508 3887 541 3896; x_wconf 95' lang='grc'>-</span> <span class='ocrx_word' id='word_1_325' title='bbox 568 3858 685 3916; x_wconf 80' lang='grc' dir='ltr'><strong><em>8Ρτοι.</em></strong></span> <span class='ocrx_word' id='word_1_326' title='bbox 702 3861 727 3925; x_wconf 90' lang='grc'><strong><em>8,</em></strong></span> <span class='ocrx_word' id='word_1_327' title='bbox 745 3861 778 3916; x_wconf 83' lang='grc'><strong><em>23</em></strong></span> <span class='ocrx_word' id='word_1_328' title='bbox 806 3891 837 3900; x_wconf 88' lang='grc'>-</span> <span class='ocrx_word' id='word_1_329' title='bbox 865 3859 969 3917; x_wconf 77' lang='lat' dir='ltr'><strong>SGen.</strong></span> <span class='ocrx_word' id='word_1_330' title='bbox 987 3860 1012 3925; x_wconf 87' lang='grc'><strong><em>3,</em></strong></span> <span class='ocrx_word' id='word_1_331' title='bbox 1030 3860 1064 3913; x_wconf 89' lang='grc'><strong><em>19</em></strong></span> <span class='ocrx_word' id='word_1_332' title='bbox 1088 3887 1123 3899; x_wconf 87' lang='grc'>-</span> <span class='ocrx_word' id='word_1_333' title='bbox 1151 3858 1188 3913; x_wconf 85' lang='grc'><strong><em>12</em></strong></span> <span class='ocrx_word' id='word_1_334' title='bbox 1206 3857 1286 3913; x_wconf 84' lang='lat' dir='ltr'>Prov.</span> <span class='ocrx_word' id='word_1_335' title='bbox 1303 3857 1328 3923; x_wconf 83' lang='lat'><strong><em>8,</em></strong></span> <span class='ocrx_word' id='word_1_336' title='bbox 1346 3858 1379 3912; x_wconf 89' lang='grc'><strong><em>22</em></strong></span> <span class='ocrx_word' id='word_1_337' title='bbox 1396 3887 1429 3897; x_wconf 95' lang='grc'>-</span> <span class='ocrx_word' id='word_1_338' title='bbox 1454 3859 1492 3914; x_wconf 79' lang='lat'><strong><em>14</em></strong></span> 
     </span>
     <span class='ocr_line' id='line_1_34' title="bbox 184 3956 1493 4029; baseline 0.002 -17"><span class='ocrx_word' id='word_1_339' title='bbox 184 3958 264 4013; x_wconf 85' lang='lat' dir='ltr'><strong>Prov.</strong></span> <span class='ocrx_word' id='word_1_340' title='bbox 281 3958 350 4023; x_wconf 73' lang='grc'><strong><em>823</em></strong></span> <span class='ocrx_word' id='word_1_341' title='bbox 365 3987 398 3997; x_wconf 89' lang='grc'>-</span> <span class='ocrx_word' id='word_1_342' title='bbox 417 3958 456 4015; x_wconf 88' lang='grc'><strong><em>18</em></strong></span> <span class='ocrx_word' id='word_1_343' title='bbox 473 3956 553 4014; x_wconf 84' lang='lat' dir='ltr'><strong>Prov.</strong></span> <span class='ocrx_word' id='word_1_344' title='bbox 563 3962 588 4027; x_wconf 84' lang='lat'><strong><em>8,</em></strong></span> <span class='ocrx_word' id='word_1_345' title='bbox 597 3960 630 4014; x_wconf 81' lang='lat'><strong><em>24</em></strong></span> <span class='ocrx_word' id='word_1_346' title='bbox 647 3990 680 3999; x_wconf 96' lang='grc'>-</span> <span class='ocrx_word' id='word_1_347' title='bbox 701 3963 740 4017; x_wconf 86' lang='grc'><strong><em>22</em></strong></span> <span class='ocrx_word' id='word_1_348' title='bbox 758 3960 838 4017; x_wconf 81' lang='lat' dir='ltr'>Prov.</span> <span class='ocrx_word' id='word_1_349' title='bbox 852 3963 876 4029; x_wconf 87' lang='grc'><strong><em>8,</em></strong></span> <span class='ocrx_word' id='word_1_350' title='bbox 887 3963 920 4015; x_wconf 87' lang='grc'><strong><em>22</em></strong></span> <span class='ocrx_word' id='word_1_351' title='bbox 938 3990 971 3999; x_wconf 96' lang='grc'>-</span> <span class='ocrx_word' id='word_1_352' title='bbox 990 3961 1030 4016; x_wconf 82' lang='grc'><strong><em>28</em></strong></span> <span class='ocrx_word' id='word_1_353' title='bbox 1047 3958 1127 4014; x_wconf 89' lang='lat' dir='ltr'>Prov.</span> <span class='ocrx_word' id='word_1_354' title='bbox 1137 3960 1162 4025; x_wconf 85' lang='lat'><strong><em>8,</em></strong></span> <span class='ocrx_word' id='word_1_355' title='bbox 1172 3961 1205 4014; x_wconf 79' lang='lat'><strong><em>24</em></strong></span> <span class='ocrx_word' id='word_1_356' title='bbox 1217 3988 1250 3997; x_wconf 92' lang='grc'>-</span> <span class='ocrx_word' id='word_1_357' title='bbox 1269 3961 1309 4016; x_wconf 87' lang='grc'><strong><em>28</em></strong></span> <span class='ocrx_word' id='word_1_358' title='bbox 1327 3959 1407 4014; x_wconf 82' lang='grc' dir='ltr'><strong><em>Ριον.</em></strong></span> <span class='ocrx_word' id='word_1_359' title='bbox 1425 3961 1449 4023; x_wconf 88' lang='grc'><strong><em>8,</em></strong></span> <span class='ocrx_word' id='word_1_360' title='bbox 1460 3961 1493 4014; x_wconf 76' lang='grc'><strong><em>24</em></strong></span> 
     </span>
     <span class='ocr_line' id='line_1_35' title="bbox 184 4059 469 4127; baseline -0.014 -11"><span class='ocrx_word' id='word_1_361' title='bbox 184 4088 216 4098; x_wconf 91' lang='grc'>-</span> <span class='ocrx_word' id='word_1_362' title='bbox 235 4060 276 4116; x_wconf 80' lang='grc'><strong><em>88</em></strong></span> <span class='ocrx_word' id='word_1_363' title='bbox 294 4059 373 4115; x_wconf 79' lang='lat' dir='ltr'><strong>Prov.</strong></span> <span class='ocrx_word' id='word_1_364' title='bbox 392 4061 417 4127; x_wconf 90' lang='grc'><strong><em>8,</em></strong></span> <span class='ocrx_word' id='word_1_365' title='bbox 435 4059 469 4113; x_wconf 77' lang='grc'><strong><em>24</em></strong></span> 
     </span>
    </p>
   </div>
   <div class='ocr_carea' id='block_1_4' title="bbox 183 4255 1492 4738">
    <p class='ocr_par' dir='ltr' id='par_1_20' title="bbox 183 4255 1492 4738">
     <span class='ocr_line' id='line_1_36' title="bbox 269 4255 1492 4333; baseline 0.002 -17"><span class='ocrx_word' id='word_1_366' title='bbox 269 4262 289 4316; x_wconf 88' lang='grc'><strong><em>8</em></strong></span> <span class='ocrx_word' id='word_1_367' title='bbox 314 4255 348 4316; x_wconf 84' lang='grc' dir='ltr'><strong><em>τό</em></strong></span> <span class='ocrx_word' id='word_1_368' title='bbox 378 4260 464 4332; x_wconf 83' lang='grc' dir='ltr'><strong><em>κατὰ]</em></strong></span> <span class='ocrx_word' id='word_1_369' title='bbox 490 4264 543 4331; x_wconf 80' lang='grc' dir='ltr'><strong><em>τὴν</em></strong></span> <span class='ocrx_word' id='word_1_370' title='bbox 569 4264 631 4318; x_wconf 77' lang='lat' dir='ltr'>and.</span> <span class='ocrx_word' id='word_1_371' title='bbox 658 4263 697 4318; x_wconf 72' lang='grc'><strong><em>81.</em></strong></span> <span class='ocrx_word' id='word_1_372' title='bbox 724 4266 728 4332; x_wconf 95' lang='grc' dir='ltr'>Ι</span> <span class='ocrx_word' id='word_1_373' title='bbox 754 4263 774 4318; x_wconf 77' lang='lat'>4</span> <span class='ocrx_word' id='word_1_374' title='bbox 800 4262 851 4319; x_wconf 84' lang='grc' dir='ltr'><strong><em>τὸν</em></strong></span> <span class='ocrx_word' id='word_1_375' title='bbox 871 4258 972 4333; x_wconf 85' lang='grc' dir='ltr'><strong><em>λόγον]</em></strong></span> <span class='ocrx_word' id='word_1_376' title='bbox 988 4258 1078 4333; x_wconf 87' lang='grc' dir='ltr'><strong><em>λόγου</em></strong></span> <span class='ocrx_word' id='word_1_377' title='bbox 1103 4260 1143 4316; x_wconf 69' lang='lat' dir='ltr'><strong><em>Ro</em></strong></span> <span class='ocrx_word' id='word_1_378' title='bbox 1166 4262 1170 4328; x_wconf 92' lang='grc' dir='ltr'>Ι</span> <span class='ocrx_word' id='word_1_379' title='bbox 1199 4262 1213 4316; x_wconf 80' lang='grc'><strong>7</strong></span> <span class='ocrx_word' id='word_1_380' title='bbox 1243 4255 1261 4331; x_wconf 79' lang='grc' dir='ltr'><em>ἢ</em></span> <span class='ocrx_word' id='word_1_381' title='bbox 1287 4260 1350 4315; x_wconf 73' lang='lat' dir='ltr'><strong>and.</strong></span> <span class='ocrx_word' id='word_1_382' title='bbox 1377 4262 1415 4315; x_wconf 75' lang='grc'><strong><em>81.</em></strong></span> <span class='ocrx_word' id='word_1_383' title='bbox 1441 4262 1446 4329; x_wconf 80' lang='lat' dir='ltr'>i</span> <span class='ocrx_word' id='word_1_384' title='bbox 1473 4262 1492 4318; x_wconf 86' lang='grc'><strong><em>8</em></strong></span> 
     </span>
     <span class='ocr_line' id='line_1_37' title="bbox 183 4357 1491 4436; baseline 0.001 -18"><span class='ocrx_word' id='word_1_385' title='bbox 183 4363 401 4432; x_wconf 69' lang='grc' dir='ltr'><strong><em>κοιναιήσασαν</em></strong></span> <span class='ocrx_word' id='word_1_386' title='bbox 418 4382 447 4418; x_wconf 89' lang='lat' dir='ltr'><strong>m</strong></span> <span class='ocrx_word' id='word_1_387' title='bbox 473 4365 478 4426; x_wconf 90' lang='grc' dir='ltr'>Ι</span> <span class='ocrx_word' id='word_1_388' title='bbox 507 4362 961 4436; x_wconf 74' lang='grc' dir='ltr'><strong><em>12περιπίιιτει1ίτὴνσοίρκα111</em></strong></span> <span class='ocrx_word' id='word_1_389' title='bbox 986 4365 992 4431; x_wconf 93' lang='grc' dir='ltr'>Ι</span> <span class='ocrx_word' id='word_1_390' title='bbox 1017 4363 1099 4432; x_wconf 84' lang='grc' dir='ltr'><strong><em>θεοῦ]</em></strong></span> <span class='ocrx_word' id='word_1_391' title='bbox 1110 4363 1251 4434; x_wconf 79' lang='grc' dir='ltr'><strong><em>κυρίονω</em></strong></span> <span class='ocrx_word' id='word_1_392' title='bbox 1276 4364 1281 4431; x_wconf 75' lang='grc' dir='ltr'><strong><em>ί</em></strong></span> <span class='ocrx_word' id='word_1_393' title='bbox 1310 4362 1347 4419; x_wconf 89' lang='grc'><strong><em>18</em></strong></span> <span class='ocrx_word' id='word_1_394' title='bbox 1364 4357 1491 4419; x_wconf 77' lang='grc' dir='ltr'><strong><em>ἐνταῦθά</em></strong></span> 
     </span>
     <span class='ocr_line' id='line_1_38' title="bbox 185 4457 1491 4536; baseline -0.001 -15"><span class='ocrx_word' id='word_1_395' title='bbox 185 4482 270 4534; x_wconf 82' lang='grc' dir='ltr'><strong><em>φησιν</em></strong></span> <span class='ocrx_word' id='word_1_396' title='bbox 287 4464 321 4529; x_wconf 85' lang='lat' dir='ltr'><strong><em>V,</em></strong></span> <span class='ocrx_word' id='word_1_397' title='bbox 347 4484 383 4513; x_wconf 71' lang='grc' dir='ltr'><strong><em>ω</em></strong></span> <span class='ocrx_word' id='word_1_398' title='bbox 409 4464 472 4518; x_wconf 72' lang='lat' dir='ltr'><strong>and.</strong></span> <span class='ocrx_word' id='word_1_399' title='bbox 491 4466 529 4520; x_wconf 56' lang='lat' dir='ltr'><strong><em>st</em></strong></span> <span class='ocrx_word' id='word_1_400' title='bbox 556 4467 561 4533; x_wconf 88' lang='grc'>1</span> <span class='ocrx_word' id='word_1_401' title='bbox 588 4468 627 4522; x_wconf 83' lang='grc'><strong><em>28</em></strong></span> <span class='ocrx_word' id='word_1_402' title='bbox 653 4466 717 4534; x_wconf 75' lang='grc' dir='ltr'><strong><em>ἠλία</em></strong></span> <span class='ocrx_word' id='word_1_403' title='bbox 745 4466 769 4518; x_wconf 93' lang='lat' dir='ltr'>V</span> <span class='ocrx_word' id='word_1_404' title='bbox 795 4469 800 4532; x_wconf 93' lang='grc'>1</span> <span class='ocrx_word' id='word_1_405' title='bbox 827 4467 866 4523; x_wconf 74' lang='lat'><strong><em>28</em></strong></span> <span class='ocrx_word' id='word_1_406' title='bbox 894 4460 954 4533; x_wconf 60' lang='grc' dir='ltr'><strong><em>(τό)</em></strong></span> <span class='ocrx_word' id='word_1_407' title='bbox 982 4466 1018 4519; x_wconf 84' lang='lat' dir='ltr'><strong><em>Kl</em></strong></span> <span class='ocrx_word' id='word_1_408' title='bbox 1046 4458 1093 4519; x_wconf 60' lang='grc' dir='ltr'><strong><em>«τό</em></strong></span> <span class='ocrx_word' id='word_1_409' title='bbox 1121 4457 1194 4536; x_wconf 74' lang='grc' dir='ltr'><strong><em>»πρὸ</em></strong></span> <span class='ocrx_word' id='word_1_410' title='bbox 1221 4469 1272 4520; x_wconf 83' lang='grc' dir='ltr'><strong><em>τοῦ</em></strong></span> <span class='ocrx_word' id='word_1_411' title='bbox 1298 4462 1404 4529; x_wconf 77' lang='grc' dir='ltr'><strong><em>αἰῶνος</em></strong></span> <span class='ocrx_word' id='word_1_412' title='bbox 1429 4459 1491 4520; x_wconf 85' lang='grc' dir='ltr'><strong><em>ἐθε·</em></strong></span> 
     </span>
     <span class='ocr_line' id='line_1_39' title="bbox 184 4562 1491 4638; baseline -0.003 -16"><span class='ocrx_word' id='word_1_413' title='bbox 184 4564 325 4635; x_wconf 76' lang='grc' dir='ltr'><strong><em>μελίωσέν</em></strong></span> <span class='ocrx_word' id='word_1_414' title='bbox 341 4583 386 4635; x_wconf 84' lang='grc' dir='ltr'><strong><em>με,</em></strong></span> <span class='ocrx_word' id='word_1_415' title='bbox 404 4562 435 4621; x_wconf 83' lang='grc' dir='ltr'><strong><em>ἐν</em></strong></span> <span class='ocrx_word' id='word_1_416' title='bbox 453 4563 528 4636; x_wconf 75' lang='grc' dir='ltr'><strong><em>ἀρχῇ</em></strong></span> <span class='ocrx_word' id='word_1_417' title='bbox 545 4565 602 4638; x_wconf 85' lang='grc' dir='ltr'><strong><em>πρδ</em></strong></span> <span class='ocrx_word' id='word_1_418' title='bbox 619 4574 672 4622; x_wconf 83' lang='grc' dir='ltr'><strong><em>τοῦ</em></strong></span> <span class='ocrx_word' id='word_1_419' title='bbox 688 4568 739 4635; x_wconf 73' lang='grc' dir='ltr'><strong><em>τὴν</em></strong></span> <span class='ocrx_word' id='word_1_420' title='bbox 761 4573 814 4637; x_wconf 86' lang='grc' dir='ltr'><strong><em>γῆν</em></strong></span> <span class='ocrx_word' id='word_1_421' title='bbox 831 4574 949 4635; x_wconf 84' lang='grc' dir='ltr'><strong><em>ποιῆσαι</em></strong></span> <span class='ocrx_word' id='word_1_422' title='bbox 967 4568 1063 4623; x_wconf 60' lang='lat' dir='ltr'><strong><em>nab?</em></strong></span> <span class='ocrx_word' id='word_1_423' title='bbox 1085 4565 1138 4620; x_wconf 77' lang='lat' dir='ltr'><strong><em>We</em></strong></span> <span class='ocrx_word' id='word_1_424' title='bbox 1163 4569 1168 4636; x_wconf 93' lang='grc' dir='ltr'>Ι</span> <span class='ocrx_word' id='word_1_425' title='bbox 1195 4567 1235 4622; x_wconf 83' lang='grc'><strong><em>88</em></strong></span> <span class='ocrx_word' id='word_1_426' title='bbox 1256 4567 1305 4621; x_wconf 88' lang='grc' dir='ltr'><strong><em>καί</em></strong></span> <span class='ocrx_word' id='word_1_427' title='bbox 1327 4564 1406 4621; x_wconf 86' lang='grc' dir='ltr'><strong><em>τουτί</em></strong></span> <span class='ocrx_word' id='word_1_428' title='bbox 1429 4565 1491 4619; x_wconf 75' lang='lat' dir='ltr'>and.</span> 
     </span>
     <span class='ocr_line' id='line_1_40' title="bbox 185 4666 848 4738; baseline 0 -15"><span class='ocrx_word' id='word_1_429' title='bbox 185 4669 223 4723; x_wconf 74' lang='grc'><strong><em>81.</em></strong></span> <span class='ocrx_word' id='word_1_430' title='bbox 250 4670 256 4737; x_wconf 88' lang='grc' dir='ltr'>Ι</span> <span class='ocrx_word' id='word_1_431' title='bbox 282 4666 444 4734; x_wconf 76' lang='grc'><strong><em>81-8.48,</em></strong></span> <span class='ocrx_word' id='word_1_432' title='bbox 463 4671 477 4722; x_wconf 94' lang='grc'>1</span> <span class='ocrx_word' id='word_1_433' title='bbox 499 4673 559 4722; x_wconf 85' lang='grc' dir='ltr'><strong><em>τῶν</em></strong></span> <span class='ocrx_word' id='word_1_434' title='bbox 576 4694 608 4708; x_wconf 85' lang='lat'><em>-</em></span> <span class='ocrx_word' id='word_1_435' title='bbox 627 4669 712 4738; x_wconf 71' lang='grc' dir='ltr'><strong><em>φησὶν</em></strong></span> <span class='ocrx_word' id='word_1_436' title='bbox 730 4667 792 4722; x_wconf 64' lang='lat' dir='ltr'><strong><em>and</em></strong></span> <span class='ocrx_word' id='word_1_437' title='bbox 811 4669 848 4723; x_wconf 83' lang='lat' dir='ltr'><strong><em>St.</em></strong></span> 
     </span>
    </p>
   </div>
   <div class='ocr_carea' id='block_1_5' title="bbox 0 0 1874 5508">
    <p class='ocr_par' dir='ltr' id='par_1_21' title="bbox 0 0 1874 5508">
     <span class='ocr_line' id='line_1_41' title="bbox 0 0 1874 5508; baseline 0 0"><span class='ocrx_word' id='word_1_438' title='bbox 0 0 1874 5508; x_wconf 95' lang='lat' dir='ltr'><strong><em> </em></strong></span> 
     </span>
    </p>
   </div>
  </div>
 </body>
</html>
