3698 5510
363 472 403 534 96
955 463 1088 518 Eusebius

446 623 519 715 <λ’.>
553 633 609 697 καί
632 633 665 697 τί
685 653 725 714 με
752 630 802 696 δεῖ
826 620 906 697 καθ’
930 627 1074 696 ἕκαστον
1101 620 1338 714 ἀναλέγεσθαι,
1368 622 1481 713 παρόν
1503 632 1554 716 τῷ
1576 637 1666 713 φιλο-

362 734 468 814 μαθει
488 722 531 795 τὰ
553 732 698 797 τοιαῦτα
720 719 878 814 συνάγειν
899 729 935 810 ἐξ
956 720 1089 814 ἀπάσης
1111 730 1173 814 τῆς
1195 723 1428 797 θεοπνεύστου
1449 732 1595 814 γραφῆς,
1620 721 1664 795 δι’

363 818 403 915 ἧς
425 832 609 911 φαίνονται
631 825 663 896 οί
684 829 748 896 τοῦ
769 830 855 896 θεοῦ
877 823 1059 908 ἄνθρωποι
1082 829 1133 914 τῷ
1155 831 1240 914 θείῳ
1254 823 1422 914 πνεύματι
1437 831 1666 912 φωτισθέντες

362 923 429 1015 τὴν
451 930 513 996 τοῦ
533 929 740 1013 μονογενοῦς
763 926 838 995 υίοῦ
860 929 924 995 τοῦ
945 928 1031 995 θεοῦ
1056 930 1197 1012 γνῶσιν,
1228 921 1425 1014 ἀπόρρητον
1455 917 1560 997 οὖσαν
1590 922 1667 997 τότε

328 1032 418 1096 ὁκαὶ
449 1022 492 1096 τά
524 1020 643 1114 πλήθη
674 1019 972 1095 διαλανθάνουσαν
1004 1029 1067 1095 τοῦ
1087 1020 1268 1096 ’ίουδαίων
1299 1030 1392 1096 λαοῦ.
1435 1023 1488 1097 διὸ
1517 1032 1573 1096 καί
1603 1029 1667 1097 δια·

363 1121 480 1212 φόρως
511 1120 618 1195 αύτδν
648 1123 846 1210 ἐξεφώνουν
876 1130 1140 1212 κεκαλυμμένοις
1170 1141 1244 1206 ταῖς
1274 1128 1476 1213 ἐπηγορίαις.
1529 1121 1667 1212 ἐφυλάτ·

363 1253 443 1295 τετο
474 1222 537 1313 γὰρ
567 1230 610 1312 τῇ
640 1221 747 1295 αύτοῦ
777 1229 944 1313 παρουσίᾳ
975 1217 995 1311 ἦ
1026 1219 1122 1310 χάρις
1158 1229 1220 1294 τοῦ
1254 1221 1466 1314 κηρύγματος
1501 1229 1562 1314 τῆς
1596 1229 1666 1313 περὶ

362 1320 470 1396 αύτοῦ
495 1331 692 1413 θεολογίας,
724 1319 767 1412 ἣν
797 1318 878 1394 καθ’
905 1315 986 1412 όλης
1013 1327 1075 1411 τῆς
1097 1318 1336 1412 οίκουμένηςῆ
1366 1319 1473 1395 αύτοῦ
1503 1328 1665 1413 ἐκκλησία,

363 1421 477 1511 ὥσπερ
509 1452 542 1494 τι
568 1421 675 1496 πάλαι
705 1420 850 1512 κρύφιον
880 1429 936 1493 καί
967 1426 1183 1511 σεσιγημένου
1213 1419 1400 1512 μυστήριον
1429 1429 1666 1511 παραλαβοῦσα

311 1532 345 1587 10
362 1522 569 1614 σεμνύνεται.
626 1528 731 1593 τοῦτο
767 1528 850 1610 γοῦν
884 1529 941 1592 καί
976 1516 995 1592 δ
1030 1530 1125 1603 θεῖος
1158 1516 1351 1604 ἀπόστολος
1381 1516 1529 1595 διδάσκει
1559 1528 1666 1611 λέγων
1681 1536 1711 1592 88

365 1621 470 1694 »κατὰ
493 1620 558 1711 τὴν
579 1625 778 1711 οἰκονομίαν
800 1627 863 1692 τοῦ
884 1626 969 1693 θεοῦ
990 1619 1056 1709 τὴν
1078 1615 1240 1694 δοθεῖσάν
1259 1649 1317 1709 μοι
1332 1626 1379 1704 είς
1393 1617 1479 1709 ῦμᾶς
1492 1628 1666 1712 πληρῶσαι

362 1721 426 1796 τὸν
453 1720 558 1812 λόγον
588 1727 651 1794 τοῦ
680 1727 779 1806 θεοῦ,
810 1718 852 1791 τὸ
882 1717 1068 1809 μυστήριον
1097 1717 1139 1792 τὸ
1170 1716 1468 1809 ἀποκεκρυμμένον
1499 1717 1568 1792 ἀπὸ
1599 1727 1668 1791 τῶν

362 1822 504 1896 αἰώνων
520 1818 612 1893 καί
592 1820 660 1893 απὸ
676 1827 751 1891 τῶν
765 1827 947 1908 γενεῶν-
963 1826 1038 1891 νυνὶ
1061 1823 1097 1889 δὲ
1111 1819 1316 1910 ἐφανερώθη
1332 1838 1404 1903 τοῖς
1426 1816 1535 1910 ἀγίοις
1556 1817 1667 1903 ούτοῦ,

363 1922 414 2005 οίς
435 1919 603 2012 ἠθέλησεν
625 1917 645 1993 δ
667 1919 748 2003 θεὸς
770 1928 930 2009 γνωρίσαι
957 1928 991 1991 τί
1018 1917 1060 1991 τὸ
1081 1925 1233 2003 πλοῦτος
1261 1925 1321 2006 τῆς
1343 1916 1442 2011 δόξης
1465 1927 1530 1992 τοῦ
1550 1945 1667 2040 μυστη-

312 2030 345 2084 15
363 2028 439 2110 ρίου
463 2020 590 2094 τούτου
611 2025 743 2102 ἐντοῖς
765 2010 953 2102 ἔθνεσιν,ο
933 2047 972 2101 ος
993 2022 1086 2090 ἐστιν
1109 2016 1255 2107 Χριστὸς
1281 2016 1360 2089 ἐν
1339 2038 1427 2110 υμῖν,
1451 2050 1472 2109 η
1461 2016 1649 2104 Ηέλπὶς
1610 2050 1667 2110 της

362 2117 444 2211 δόξη
446 2152 492 2204 ςι
535 2115 616 2213 δρᾷς
638 2114 734 2203 ὅπως
764 2143 949 2209 μυστηριον
980 2147 1024 2208 ην
1053 2115 1353 2208 ἀποκεκρυμμένον
1378 2115 1564 2208 πρότερον,
1595 2126 1665 2191 νυνί

363 2225 398 2291 δὲ
420 2226 603 2310 φανερωθέ
606 2247 625 2290 ν
647 2248 666 2290 ο
656 2214 762 2301 υίὸς
784 2224 847 2291 τοῦ
868 2224 960 2289 θεοῦ.
1003 2214 1121 2304 διόπερ
1152 2222 1184 2289 οί
1209 2223 1272 2307 μὲν
1252 2223 1361 2290 ντοῦ
1387 2225 1473 2290 θεοῦ
1494 2222 1709 2337 προφηταιθθ

363 2326 413 2410 τῷ
444 2325 650 2409 προφητικῷ
680 2317 845 2409 πνεύματι
875 2325 1047 2440 μυστικῶς
1076 2315 1184 2390 αὐτόν
1213 2314 1437 2407 ἐθεολόγουν,
1472 2323 1529 2392 61¹
1563 2317 1603 2389 τὸ
1633 2324 1666 2389 δέ

361 2391 498 2508 πληθος
520 2424 583 2490 τοῦ
604 2413 774 2490 Ἰουδαίων
796 2422 919 2500 ἔθνους
945 2422 982 2488 ἐν
1011 2413 1131 2509 ἀγνοίᾳ
1152 2415 1334 2506 ἐτύγχανεν
1357 2445 1419 2489 του
1404 2423 1667 2507 κεκρυμμένου

310 2525 345 2582 20
360 2526 553 2608 μυστηρίου.
596 2511 680 2589 όθεν
702 2516 788 2590 θεὸν
808 2523 870 2604 μὲν
891 2513 1084 2588 ἐδιδάσκετο
1108 2517 1166 2587 ίνα
1193 2520 1315 2588 εἰδέναι
1345 2515 1400 2588 διά
1432 2515 1473 2589 τό
1503 2525 1546 2607 τῇ
1568 2527 1666 2589 πολυ

361 2624 434 2708 θέφ
454 2614 568 2706 πλάνη
591 2624 739 2705 συνεχῶς
760 2612 999 2704 ύποσύρεσθαι,
1020 2622 1151 2705 πατέρα
1173 2607 1252 2686 δέ”
1231 2644 1316 2687 οντα
1339 2614 1506 2703 τὸνθεόν
1519 2621 1595 2689 υίσῦ
1609 2622 1668 2687 τοῦ

360 2723 567 2837 μονογενοῦς
589 2713 715 2806 ἠγνόει
739 2722 843 2789 τοῦτο
866 2714 929 2835 γάρ
951 2712 1163 2802 ἐφυλάττετο
1186 2722 1229 2804 τῇ
1256 2719 1290 2802 ἐζ
1308 2718 1425 2787 ἐθνῶν
1447 2714 1663 2809 ἐκκλησίᾳ
1629 2745 1667 2786 το

361 2813 558 2905 μυστήριον,
589 2813 664 2887 κατ’
692 2822 863 2904 ἐξαίρετον
885 2812 982 2904 χάριν
1004 2811 1090 2903 αὐτῇ
1112 2820 1362 2905 δεδωρημένον,
1391 2820 1439 2903 Ιέ
1440 2846 1460 2888 ν
1490 2813 1585 2907 αύτῷ
1608 2813 1667 2905 γάρ
1682 2819 1784 2891 901100

361 2921 445 2987 είσιν
474 2914 563 2986 κατά
593 2913 657 2986 τόν
686 2911 885 2988 ἀπόστολον
924 2910 1068 2995 »πάντες
1101 2917 1134 2986 οὶ
1168 2921 1335 3005 θησαυροί
1367 2921 1428 3005 τῆς
1458 2925 1584 3003 σοφίας
1613 2923 1665 2987 καί

310 3021 343 3076 25
362 3013 521 3105 γνώσεως
542 3011 768 3103 ἀπόκρυφοιι.
809 3010 896 3086 ἀλλά
919 3013 981 3102 γὰρ
1003 3013 1059 3086 διὰ
1080 3013 1260 3086 τοσούτων
1281 3009 1300 3086 ό
1323 3021 1385 3085 τοῦ
1406 3020 1495 3087 θεοῦ
1516 3014 1625 3105 λόγος,
1647 3013 1665 3084 δ

364 3120 419 3187 »ἐν
440 3111 525 3204 ἀργῇ
545 3112 633 3202 πρός
656 3113 718 3186 τὸν
740 3111 859 3197 θεόνι,
891 3110 933 3185 ού
953 3109 1060 3202 μόνον
1082 3111 1183 3203 λόγος
1205 3121 1422 3204 κεκλημένος,
1446 3110 1497 3198 ὥς
1518 3111 1666 3203 Μάρκελ-

360 3227 422 3296 λος
452 3219 571 3299 οἴεται,
604 3209 801 3304 ἀπεδείχθη,
832 3210 920 3286 ἀλλὰ
949 3219 1005 3284 καὶ
1035 3210 1107 3295 υίὸς
1136 3221 1191 3283 καί
1221 3212 1407 3303 μονογενὴς
1432 3220 1490 3284 καί
1518 3220 1593 3301 φῶς
1613 3218 1666 3283 καί

361 3313 466 3402 ἄρτος
491 3321 546 3385 καί
567 3310 691 3403 Ἰησοῦς
720 3320 776 3384 καὶ
799 3312 946 3401 Χριστός
975 3319 1031 3384 καί
1062 3311 1177 3398 κύριος
1201 3319 1257 3382 καί
1288 3309 1455 3402 ἀρχιερεύς
1481 3320 1539 3383 καί
1565 3309 1666 3385 ἀπαύ-

361 3437 469 3503 γασμα
490 3421 545 3485 καί
566 3413 738 3504 χαρακτὴρ
760 3418 816 3484 καί
838 3413 941 3483 είκιδν
966 3419 1022 3483 καί
1048 3407 1275 3499 πρωτότοκος
1304 3408 1416 3502 πάσης
1445 3418 1587 3494 κτίσεως
1614 3418 1667 3483 καί

310 3517 345 3572 30
361 3511 452 3634 πηγὴ
475 3518 564 3601 ζωῆς
584 3522 640 3584 καὶ
662 3510 806 3601 ἀλήθεια
825 3519 881 3583 καὶ
895 3508 1050 3598 ποταμός
1071 3518 1125 3582 καὶ
1142 3509 1335 3599 δικαιοσύνη
1351 3517 1406 3581 καὶ
1428 3507 1525 3601 ἥλιος
1547 3516 1667 3583 δικαισ·

362 3611 463 3702 σύνης
483 3620 539 3684 καί
562 3620 666 3699 σοφία
686 3621 743 3683 καί
764 3610 869 3699 ξύλον
891 3616 980 3699 ζωῆς
1006 3618 1061 3682 καί
1087 3608 1204 3698 κύριος
1229 3617 1285 3680 καί
1313 3607 1395 3694 θεός
1415 3608 1515 3680 κάλ’
1494 3607 1667 3730 ἀγαπητὸς

360 3719 416 3782 καὶ
445 3711 552 3801 ίερεῦς
580 3721 636 3784 καί
663 3720 811 3801 βραχίων
841 3718 897 3782 καί
928 3708 1122 3799 δικαιοσύνη
1152 3716 1207 3779 καὶ
1237 3706 1422 3831 σωτήριον.
1468 3717 1525 3780 καί
1555 3706 1667 3780 παντο

361 3818 471 3884 ταῦτα
493 3803 544 3883 δον
565 3817 620 3882 καί
646 3808 879 3900 προῦπάρχων
910 3839 971 3899 της
1000 3807 1124 3898 σαρκός
1150 3806 1361 3898 ὠνομάζετο,
1394 3839 1443 3891 ως
1468 3812 1503 3880 al
1525 3836 1665 3897 παρατε·

360 3923 473 3983 θεῖσαι
503 3917 627 4000 γραφαί
655 3910 893 4000 δεδηλωκασιν.
936 3917 1004 3981 τίνι
1031 3917 1149 3980 τοίνυν
1170 3906 1262 4030 λόγῳ
1284 3914 1393 3980 ταῦτα
1415 3905 1531 3980 πάντα
1552 3914 1665 3997 παρείς
1680 3916 1708 3969 91

310 4015 343 4070 35
361 4007 562 4102 Μάρκελλος
584 4015 639 4082 ἐπὶ
661 4007 768 4101 μόνου
791 4016 853 4081 τοῦ
875 4005 980 4098 λόγου
1001 4011 1149 4089 ἵσταται,
1177 4004 1218 4079 ού
1244 4013 1428 4091 διαβαίνων
1453 4014 1493 4096 μ
1495 4038 1516 4080 ν
1537 4014 1592 4079 καί
1614 4010 1665 4077 ἐπί

362 4110 424 4195 τάς
446 4110 570 4195 λοιπάς
592 4115 794 4201 ἐπωνυμίας,
817 4106 925 4199 μόνον
947 4112 982 4179 δὲ
1004 4103 1109 4196 λόγον
1130 4102 1236 4178 αὐτόν
1251 4109 1335 4178 είναι
1350 4103 1493 4194 φάσκων
1508 4114 1572 4179 τοῦ
1586 4109 1666 4177 θεοῦ

448 4283 483 4338 11
504 4282 566 4337 Κοί
584 4285 608 4349 1,
626 4281 727 4337 25-27
745 4311 778 4319 -
797 4281 836 4336 24
856 4279 916 4334 Kol.
935 4281 958 4346 2,
977 4280 993 4334 3
1011 4308 1044 4316 -
1067 4277 1107 4332 26
1124 4276 1186 4333 Joh.
1205 4281 1260 4341 1.1
1288 4306 1321 4316 -
1346 4276 1403 4346 vgl.
1421 4276 1467 4331 Nr.
1485 4279 1521 4332 44
1546 4305 1580 4316 -
1604 4273 1668 4333 3⁰1

360 4383 417 4454 vgl.
434 4383 482 4441 Nr.
499 4385 533 4439 36
550 4401 577 4438 u.
594 4387 619 4436 δ.
637 4383 678 4438 92.
697 4385 731 4437 54

449 4534 466 4590 l
484 4528 509 4589 λ’
528 4534 564 4588 Κ]
589 4533 594 4600 Ι
618 4534 637 4589 4
656 4533 709 4589 We
726 4533 854 4587 vermisst
871 4532 916 4587 ein
935 4529 1143 4599 ὁμολογοῦντες
1160 4526 1227 4582 oder
1245 4525 1332 4596 δεταί.
1357 4528 1361 4596 Ι
1385 4528 1404 4584 ῦ
1421 4523 1666 4599 διαλαμβάνουσιν

362 4636 394 4701 V,
414 4652 482 4691 corr.
500 4633 537 4689 Kl
569 4636 573 4702 1
607 4633 647 4690 82
665 4633 827 4704 δικαιοσύνη
845 4636 893 4689 καί
911 4642 945 4693 <
961 4650 1002 4697 ω;
1021 4630 1092 4686 doeh
1110 4628 1167 4699 vgl.
1185 4628 1336 4692 s.95,29ff
