<?xml version="1.0" encoding="UTF-8"?>
<!DOCTYPE html PUBLIC "-//W3C//DTD XHTML 1.0 Transitional//EN"
    "http://www.w3.org/TR/xhtml1/DTD/xhtml1-transitional.dtd">
<html xmlns="http://www.w3.org/1999/xhtml" xml:lang="en" lang="en">
 <head>
  <title>
</title>
<meta http-equiv="Content-Type" content="text/html;charset=utf-8" />
  <meta name='ocr-system' content='tesseract 3.04.00' />
  <meta name='ocr-capabilities' content='ocr_page ocr_carea ocr_par ocr_line ocrx_word'/>
</head>
<body>
  <div class='ocr_page' id='page_1' title='image "./diegriechischen01religoog/diegriechischen01religoog_0168.png"; bbox 0 0 3698 5510; ppageno 0'>
   <div class='ocr_carea' id='block_1_1' title="bbox 326 427 1045 498">
    <p class='ocr_par' dir='ltr' id='par_1_1' title="bbox 326 427 1045 498">
     <span class='ocr_line' id='line_1_1' title="bbox 326 427 1045 498; baseline -0.022 0"><span class='ocrx_word' id='word_1_1' title='bbox 326 435 384 498; x_wconf 77' lang='lat'><strong><em>120</em></strong></span> <span class='ocrx_word' id='word_1_2' title='bbox 910 427 1045 484; x_wconf 70' lang='lat' dir='ltr'>Eusebius</span> 
     </span>
    </p>
   </div>
   <div class='ocr_carea' id='block_1_2' title="bbox 277 582 1796 2003">
    <p class='ocr_par' dir='ltr' id='par_1_2' title="bbox 277 582 1796 1974">
     <span class='ocr_line' id='line_1_2' title="bbox 325 582 1665 680; baseline -0.007 -17"><span class='ocrx_word' id='word_1_3' title='bbox 325 595 362 663; x_wconf 84' lang='grc' dir='ltr'><strong><em>έν</em></strong></span> <span class='ocrx_word' id='word_1_4' title='bbox 383 585 478 680; x_wconf 82' lang='grc' dir='ltr'><strong><em>αύτῷ</em></strong></span> <span class='ocrx_word' id='word_1_5' title='bbox 500 595 718 680; x_wconf 82' lang='grc' dir='ltr'><em>κεκτημένος·</em></span> <span class='ocrx_word' id='word_1_6' title='bbox 754 586 881 662; x_wconf 80' lang='grc' dir='ltr'><strong><em>ου’κοῦν</em></strong></span> <span class='ocrx_word' id='word_1_7' title='bbox 902 587 1020 679; x_wconf 72' lang='grc' dir='ltr'><strong><em>ἕτερόν</em></strong></span> <span class='ocrx_word' id='word_1_8' title='bbox 1040 596 1075 661; x_wconf 91' lang='grc' dir='ltr'><strong><em>τί</em></strong></span> <span class='ocrx_word' id='word_1_9' title='bbox 1096 593 1189 661; x_wconf 83' lang='grc' dir='ltr'><strong><em>ἐστιν</em></strong></span> <span class='ocrx_word' id='word_1_10' title='bbox 1209 588 1281 672; x_wconf 87' lang='grc' dir='ltr'><strong><em>υίὸς</em></strong></span> <span class='ocrx_word' id='word_1_11' title='bbox 1305 585 1398 676; x_wconf 88' lang='grc' dir='ltr'><strong><em>παρά</em></strong></span> <span class='ocrx_word' id='word_1_12' title='bbox 1424 584 1488 658; x_wconf 86' lang='grc' dir='ltr'><strong><em>τὸν</em></strong></span> <span class='ocrx_word' id='word_1_13' title='bbox 1518 582 1632 675; x_wconf 92' lang='grc' dir='ltr'><strong><em>λογον</em></strong></span> <span class='ocrx_word' id='word_1_14' title='bbox 1648 599 1665 652; x_wconf 85' lang='grc'><strong>2</strong></span> 
     </span>
     <span class='ocr_line' id='line_1_3' title="bbox 326 677 1631 781; baseline -0.004 -19"><span class='ocrx_word' id='word_1_15' title='bbox 326 690 389 762; x_wconf 88' lang='grc' dir='ltr'><strong><em>τὸν</em></strong></span> <span class='ocrx_word' id='word_1_16' title='bbox 410 681 473 761; x_wconf 86' lang='grc' dir='ltr'><strong><em>σύν</em></strong></span> <span class='ocrx_word' id='word_1_17' title='bbox 495 688 580 762; x_wconf 83' lang='grc' dir='ltr'><strong><em>θεὸν</em></strong></span> <span class='ocrx_word' id='word_1_18' title='bbox 602 695 630 761; x_wconf 89' lang='grc' dir='ltr'><strong><em>εί</em></strong></span> <span class='ocrx_word' id='word_1_19' title='bbox 652 687 756 780; x_wconf 86' lang='grc' dir='ltr'><strong><em>λόγον</em></strong></span> <span class='ocrx_word' id='word_1_20' title='bbox 778 693 900 779; x_wconf 80' lang='grc' dir='ltr'><strong><em>ἔχεινέ</em></strong></span> <span class='ocrx_word' id='word_1_21' title='bbox 902 718 922 761; x_wconf 99' lang='grc' dir='ltr'><strong><em>ν</em></strong></span> <span class='ocrx_word' id='word_1_22' title='bbox 948 691 1061 781; x_wconf 83' lang='grc' dir='ltr'><strong><em>εαυτῷ</em></strong></span> <span class='ocrx_word' id='word_1_23' title='bbox 1085 686 1209 777; x_wconf 78' lang='grc' dir='ltr'><strong><em>φάσκοι</em></strong></span> <span class='ocrx_word' id='word_1_24' title='bbox 1230 695 1287 760; x_wconf 83' lang='grc' dir='ltr'><strong><em>καὶ</em></strong></span> <span class='ocrx_word' id='word_1_25' title='bbox 1312 684 1412 760; x_wconf 82' lang='grc' dir='ltr'><strong><em>οῦδὲν</em></strong></span> <span class='ocrx_word' id='word_1_26' title='bbox 1438 677 1628 775; x_wconf 67' lang='grc' dir='ltr'><strong><em>ἕτερον,</em></strong></span> <span class='ocrx_word' id='word_1_27' title='bbox 1602 717 1631 776; x_wconf 89' lang='grc' dir='ltr'>ῳ</span> 
     </span>
     <span class='ocr_line' id='line_1_4' title="bbox 325 780 1632 880; baseline -0.002 -19"><span class='ocrx_word' id='word_1_28' title='bbox 325 796 381 861; x_wconf 84' lang='grc' dir='ltr'><strong><em>καὶ</em></strong></span> <span class='ocrx_word' id='word_1_29' title='bbox 403 794 581 873; x_wconf 86' lang='grc' dir='ltr'><strong><em>διενοεῖτο,</em></strong></span> <span class='ocrx_word' id='word_1_30' title='bbox 605 780 634 880; x_wconf 83' lang='lat'><strong><em>5</em></strong></span> <span class='ocrx_word' id='word_1_31' title='bbox 656 788 820 878; x_wconf 83' lang='grc' dir='ltr'><strong><em>καὶπρὸς</em></strong></span> <span class='ocrx_word' id='word_1_32' title='bbox 847 788 968 861; x_wconf 77' lang='grc' dir='ltr'><strong><em>ἑαυτὸν</em></strong></span> <span class='ocrx_word' id='word_1_33' title='bbox 991 794 1156 878; x_wconf 75' lang='grc' dir='ltr'><em>διελέγετο</em></span> <span class='ocrx_word' id='word_1_34' title='bbox 1187 783 1400 877; x_wconf 75' lang='grc' dir='ltr'><strong><em>»ποιήσωμεν</em></strong></span> <span class='ocrx_word' id='word_1_35' title='bbox 1421 785 1632 876; x_wconf 65' lang='grc' dir='ltr'><strong><em>ἄνθρωπον(</em></strong></span> 
     </span>
     <span class='ocr_line' id='line_1_5' title="bbox 327 881 1636 979; baseline -0.005 -18"><span class='ocrx_word' id='word_1_36' title='bbox 327 894 448 977; x_wconf 89' lang='grc' dir='ltr'><strong><em>λέγων,</em></strong></span> <span class='ocrx_word' id='word_1_37' title='bbox 470 893 505 959; x_wconf 91' lang='grc' dir='ltr'><strong><em>τί</em></strong></span> <span class='ocrx_word' id='word_1_38' title='bbox 525 894 580 959; x_wconf 81' lang='grc' dir='ltr'><strong><em>καί</em></strong></span> <span class='ocrx_word' id='word_1_39' title='bbox 603 884 715 978; x_wconf 87' lang='grc' dir='ltr'><strong><em>μάτην</em></strong></span> <span class='ocrx_word' id='word_1_40' title='bbox 740 886 815 960; x_wconf 86' lang='grc' dir='ltr'><strong><em>υίδν</em></strong></span> <span class='ocrx_word' id='word_1_41' title='bbox 832 883 1002 979; x_wconf 69' lang='grc' dir='ltr'><strong><em>ἀνομάζεη</em></strong></span> <span class='ocrx_word' id='word_1_42' title='bbox 1025 895 1058 960; x_wconf 91' lang='grc' dir='ltr'><strong><em>τί</em></strong></span> <span class='ocrx_word' id='word_1_43' title='bbox 1077 887 1164 960; x_wconf 89' lang='grc' dir='ltr'><strong><em>δε</em></strong></span> <span class='ocrx_word' id='word_1_44' title='bbox 1129 916 1192 978; x_wconf 89' lang='grc' dir='ltr'><strong><em>την</em></strong></span> <span class='ocrx_word' id='word_1_45' title='bbox 1207 890 1388 975; x_wconf 78' lang='grc' dir='ltr'><strong><em>ἐκκλησίαν</em></strong></span> <span class='ocrx_word' id='word_1_46' title='bbox 1401 881 1636 975; x_wconf 85' lang='grc' dir='ltr'><strong><em>ύποκρίνεται;</em></strong></span> 
     </span>
     <span class='ocr_line' id='line_1_6' title="bbox 292 984 1635 1078; baseline -0.002 -17.946"><span class='ocrx_word' id='word_1_47' title='bbox 292 995 361 1060; x_wconf 76' lang='grc' dir='ltr'><strong><em>στί</em></strong></span> <span class='ocrx_word' id='word_1_48' title='bbox 391 994 427 1061; x_wconf 77' lang='grc' dir='ltr'><strong><em>δὲ</em></strong></span> <span class='ocrx_word' id='word_1_49' title='bbox 457 987 502 1078; x_wconf 83' lang='grc' dir='ltr'><strong><em>μὴ</em></strong></span> <span class='ocrx_word' id='word_1_50' title='bbox 532 985 706 1059; x_wconf 78' lang='grc' dir='ltr'><strong><em>πιστεύων</em></strong></span> <span class='ocrx_word' id='word_1_51' title='bbox 736 994 783 1071; x_wconf 87' lang='grc' dir='ltr'><strong><em>είς</em></strong></span> <span class='ocrx_word' id='word_1_52' title='bbox 808 987 873 1060; x_wconf 84' lang='grc' dir='ltr'><strong><em>τὸν</em></strong></span> <span class='ocrx_word' id='word_1_53' title='bbox 898 988 974 1060; x_wconf 84' lang='grc' dir='ltr'><strong><em>υίδν</em></strong></span> <span class='ocrx_word' id='word_1_54' title='bbox 1002 994 1065 1061; x_wconf 91' lang='grc' dir='ltr'><strong><em>τοῦ</em></strong></span> <span class='ocrx_word' id='word_1_55' title='bbox 1086 993 1172 1059; x_wconf 96' lang='grc' dir='ltr'><strong><em>θεοῦ</em></strong></span> <span class='ocrx_word' id='word_1_56' title='bbox 1194 1004 1432 1076; x_wconf 78' lang='grc' dir='ltr'><strong><em>προσποιεῖται</em></strong></span> <span class='ocrx_word' id='word_1_57' title='bbox 1453 984 1635 1071; x_wconf 76' lang='grc' dir='ltr'><strong><em>πιστεύειν,</em></strong></span> 
     </span>
     <span class='ocr_line' id='line_1_7' title="bbox 327 1082 1635 1178; baseline 0 -20"><span class='ocrx_word' id='word_1_58' title='bbox 327 1084 609 1177; x_wconf 77' lang='grc' dir='ltr'><strong><em>σχηματιζόμενος</em></strong></span> <span class='ocrx_word' id='word_1_59' title='bbox 641 1088 695 1160; x_wconf 91' lang='grc' dir='ltr'><strong><em>διά</em></strong></span> <span class='ocrx_word' id='word_1_60' title='bbox 721 1093 785 1160; x_wconf 89' lang='grc' dir='ltr'><strong><em>τοῦ</em></strong></span> <span class='ocrx_word' id='word_1_61' title='bbox 806 1086 870 1159; x_wconf 86' lang='grc' dir='ltr'><strong><em>τὸν</em></strong></span> <span class='ocrx_word' id='word_1_62' title='bbox 891 1084 997 1176; x_wconf 84' lang='grc' dir='ltr'><strong><em>λόγον</em></strong></span> <span class='ocrx_word' id='word_1_63' title='bbox 1019 1086 1083 1160; x_wconf 88' lang='grc' dir='ltr'><strong><em>τὸν</em></strong></span> <span class='ocrx_word' id='word_1_64' title='bbox 1109 1091 1148 1159; x_wconf 86' lang='grc' dir='ltr'><strong><em>έν</em></strong></span> <span class='ocrx_word' id='word_1_65' title='bbox 1169 1092 1220 1177; x_wconf 84' lang='grc' dir='ltr'><strong><em>τῷ</em></strong></span> <span class='ocrx_word' id='word_1_66' title='bbox 1243 1093 1316 1178; x_wconf 80' lang='grc' dir='ltr'><strong><em>θεῷ</em></strong></span> <span class='ocrx_word' id='word_1_67' title='bbox 1342 1083 1417 1158; x_wconf 86' lang='grc' dir='ltr'><strong><em>υίὸν</em></strong></span> <span class='ocrx_word' id='word_1_68' title='bbox 1439 1082 1635 1171; x_wconf 87' lang='grc' dir='ltr'><strong><em>ἀποκαλεῖν,</em></strong></span> 
     </span>
     <span class='ocr_line' id='line_1_8' title="bbox 327 1182 1636 1278; baseline -0.002 -19"><span class='ocrx_word' id='word_1_69' title='bbox 327 1194 446 1274; x_wconf 80' lang='grc' dir='ltr'><strong><em>σαφῶς</em></strong></span> <span class='ocrx_word' id='word_1_70' title='bbox 467 1194 531 1259; x_wconf 89' lang='grc' dir='ltr'><strong><em>τοῦ</em></strong></span> <span class='ocrx_word' id='word_1_71' title='bbox 551 1195 823 1278; x_wconf 73' lang='grc' dir='ltr'><strong><em>παραδείγματος</em></strong></span> <span class='ocrx_word' id='word_1_72' title='bbox 843 1194 961 1276; x_wconf 81' lang='grc' dir='ltr'><strong><em>μακρῷ</em></strong></span> <span class='ocrx_word' id='word_1_73' title='bbox 984 1183 1155 1259; x_wconf 75' lang='grc' dir='ltr'><strong><em>διεστάναι</em></strong></span> <span class='ocrx_word' id='word_1_74' title='bbox 1171 1182 1391 1268; x_wconf 79' lang='grc' dir='ltr'><strong><em>διδάσκοντος</em></strong></span> <span class='ocrx_word' id='word_1_75' title='bbox 1407 1183 1469 1257; x_wconf 86' lang='grc' dir='ltr'><strong><em>τὸν</em></strong></span> <span class='ocrx_word' id='word_1_76' title='bbox 1483 1187 1636 1275; x_wconf 81' lang='grc' dir='ltr'><strong><em>ἔμφυτον</em></strong></span> 
     </span>
     <span class='ocr_line' id='line_1_9' title="bbox 327 1280 1706 1377; baseline -0.003 -20"><span class='ocrx_word' id='word_1_77' title='bbox 327 1291 365 1358; x_wconf 90' lang='grc' dir='ltr'><strong><em>έν</em></strong></span> <span class='ocrx_word' id='word_1_78' title='bbox 386 1294 476 1375; x_wconf 78' lang='grc' dir='ltr'><strong><em>ψυχῇ</em></strong></span> <span class='ocrx_word' id='word_1_79' title='bbox 499 1283 604 1376; x_wconf 89' lang='grc' dir='ltr'><strong><em>λύγον</em></strong></span> <span class='ocrx_word' id='word_1_80' title='bbox 628 1297 633 1372; x_wconf 96' lang='grc' dir='ltr'>Ι</span> <span class='ocrx_word' id='word_1_81' title='bbox 655 1287 749 1377; x_wconf 87' lang='grc' dir='ltr'><strong><em>παρὰ</em></strong></span> <span class='ocrx_word' id='word_1_82' title='bbox 771 1285 834 1358; x_wconf 85' lang='grc' dir='ltr'><strong><em>τὸν</em></strong></span> <span class='ocrx_word' id='word_1_83' title='bbox 855 1287 892 1358; x_wconf 81' lang='grc' dir='ltr'><strong><em>ἔκ</em></strong></span> <span class='ocrx_word' id='word_1_84' title='bbox 914 1314 1009 1370; x_wconf 85' lang='grc' dir='ltr'><strong><em>τινος</em></strong></span> <span class='ocrx_word' id='word_1_85' title='bbox 1024 1291 1236 1375; x_wconf 74' lang='grc' dir='ltr'><strong><em>γεννηθέντα</em></strong></span> <span class='ocrx_word' id='word_1_86' title='bbox 1256 1290 1313 1359; x_wconf 69' lang='lat'><strong><em>69*</em></strong></span> <span class='ocrx_word' id='word_1_87' title='bbox 1333 1291 1390 1356; x_wconf 88' lang='grc' dir='ltr'><strong><em>καὶ</em></strong></span> <span class='ocrx_word' id='word_1_88' title='bbox 1405 1280 1489 1356; x_wconf 79' lang='grc' dir='ltr'><strong><em>καθ’</em></strong></span> <span class='ocrx_word' id='word_1_89' title='bbox 1512 1283 1636 1357; x_wconf 72' lang='grc' dir='ltr'><strong><em>ἑαυτὸν</em></strong></span> <span class='ocrx_word' id='word_1_90' title='bbox 1655 1299 1706 1354; x_wconf 77' lang='grc'><strong><em>127</em></strong></span> 
     </span>
     <span class='ocr_line' id='line_1_10' title="bbox 326 1378 1668 1475; baseline -0.001 -18"><span class='ocrx_word' id='word_1_91' title='bbox 326 1382 510 1473; x_wconf 78' lang='grc' dir='ltr'><strong><em>ἀφεστῶτα</em></strong></span> <span class='ocrx_word' id='word_1_92' title='bbox 531 1393 587 1457; x_wconf 88' lang='grc' dir='ltr'><strong><em>καὶ</em></strong></span> <span class='ocrx_word' id='word_1_93' title='bbox 610 1392 725 1474; x_wconf 78' lang='grc' dir='ltr'><strong><em>ζῶντα</em></strong></span> <span class='ocrx_word' id='word_1_94' title='bbox 745 1393 802 1459; x_wconf 85' lang='grc' dir='ltr'><strong><em>καὶ</em></strong></span> <span class='ocrx_word' id='word_1_95' title='bbox 832 1390 1035 1475; x_wconf 75' lang='grc' dir='ltr'><strong><em>ἐνεργοῦντα</em></strong></span> <span class='ocrx_word' id='word_1_96' title='bbox 1061 1382 1152 1469; x_wconf 87' lang='grc' dir='ltr'><strong><em>υίύν,·</em></strong></span> <span class='ocrx_word' id='word_1_97' title='bbox 1182 1378 1258 1457; x_wconf 85' lang='grc' dir='ltr'><strong><em>ἀλλ’</em></strong></span> <span class='ocrx_word' id='word_1_98' title='bbox 1280 1380 1343 1456; x_wconf 87' lang='grc' dir='ltr'><strong><em>ούκ</em></strong></span> <span class='ocrx_word' id='word_1_99' title='bbox 1364 1384 1442 1474; x_wconf 76' lang='grc' dir='ltr'><strong><em>έχαῦ,</em></strong></span> <span class='ocrx_word' id='word_1_100' title='bbox 1465 1382 1567 1474; x_wconf 81' lang='grc' dir='ltr'><strong><em>φήσει</em></strong></span> <span class='ocrx_word' id='word_1_101' title='bbox 1589 1381 1668 1467; x_wconf 72' lang='grc' dir='ltr'><strong><em>αίςθ</em></strong></span> 
     </span>
     <span class='ocr_line' id='line_1_11' title="bbox 277 1479 1638 1576; baseline 0 -20"><span class='ocrx_word' id='word_1_102' title='bbox 277 1502 310 1558; x_wconf 91' lang='grc'><strong><em>10</em></strong></span> <span class='ocrx_word' id='word_1_103' title='bbox 328 1482 426 1570; x_wconf 88' lang='grc' dir='ltr'><strong><em>είκὸς,</em></strong></span> <span class='ocrx_word' id='word_1_104' title='bbox 449 1480 523 1557; x_wconf 78' lang='grc' dir='ltr'><strong><em>ἀλλ&gt;</em></strong></span> <span class='ocrx_word' id='word_1_105' title='bbox 547 1481 566 1558; x_wconf 92' lang='lat'><strong><em>5</em></strong></span> <span class='ocrx_word' id='word_1_106' title='bbox 589 1496 683 1570; x_wconf 89' lang='grc' dir='ltr'><strong><em>θεῖος</em></strong></span> <span class='ocrx_word' id='word_1_107' title='bbox 704 1481 941 1576; x_wconf 81' lang='grc' dir='ltr'><strong><em>εύαγχελιστὴς</em></strong></span> <span class='ocrx_word' id='word_1_108' title='bbox 963 1481 1067 1575; x_wconf 88' lang='grc' dir='ltr'><strong><em>λύγον</em></strong></span> <span class='ocrx_word' id='word_1_109' title='bbox 1089 1480 1197 1556; x_wconf 84' lang='grc' dir='ltr'><strong><em>αύτὸν</em></strong></span> <span class='ocrx_word' id='word_1_110' title='bbox 1217 1500 1412 1572; x_wconf 86' lang='grc' dir='ltr'><strong><em>προσεῖπεν·</em></strong></span> <span class='ocrx_word' id='word_1_111' title='bbox 1438 1479 1638 1556; x_wconf 82' lang='grc' dir='ltr'><strong><em>ἀκόλουθον</em></strong></span> 
     </span>
     <span class='ocr_line' id='line_1_12' title="bbox 328 1579 1598 1676; baseline -0.002 -19"><span class='ocrx_word' id='word_1_112' title='bbox 328 1590 448 1657; x_wconf 77' lang='grc' dir='ltr'><strong><em>τοίνυν</em></strong></span> <span class='ocrx_word' id='word_1_113' title='bbox 469 1582 561 1674; x_wconf 73' lang='grc' dir='ltr'><strong><em>είη’“</em></strong></span> <span class='ocrx_word' id='word_1_114' title='bbox 542 1612 586 1655; x_wconf 91' lang='grc' dir='ltr'><strong><em>αν</em></strong></span> <span class='ocrx_word' id='word_1_115' title='bbox 606 1581 705 1656; x_wconf 55' lang='grc' dir='ltr'><strong><em>καίζ</em></strong></span> <span class='ocrx_word' id='word_1_116' title='bbox 684 1590 770 1676; x_wconf 80' lang='grc' dir='ltr'><strong><em>ημᾶς</em></strong></span> <span class='ocrx_word' id='word_1_117' title='bbox 792 1584 908 1676; x_wconf 85' lang='grc' dir='ltr'><strong><em>τούτῳ</em></strong></span> <span class='ocrx_word' id='word_1_118' title='bbox 931 1594 1181 1675; x_wconf 79' lang='grc' dir='ltr'><strong><em>συνομολογεῖν.</em></strong></span> <span class='ocrx_word' id='word_1_119' title='bbox 1223 1591 1279 1656; x_wconf 90' lang='grc' dir='ltr'><strong><em>ναί</em></strong></span> <span class='ocrx_word' id='word_1_120' title='bbox 1300 1610 1386 1672; x_wconf 94' lang='grc' dir='ltr'><strong><em>φημι</em></strong></span> <span class='ocrx_word' id='word_1_121' title='bbox 1406 1589 1462 1654; x_wconf 86' lang='grc' dir='ltr'><strong><em>καὶ</em></strong></span> <span class='ocrx_word' id='word_1_122' title='bbox 1484 1579 1598 1666; x_wconf 88' lang='grc' dir='ltr'><strong><em>αύτύς.</em></strong></span> 
     </span>
     <span class='ocr_line' id='line_1_13' title="bbox 410 1676 1784 1776; baseline -0.006 -18"><span class='ocrx_word' id='word_1_123' title='bbox 410 1689 451 1758; x_wconf 79' lang='grc'><strong><em>17</em></strong></span> <span class='ocrx_word' id='word_1_124' title='bbox 473 1683 566 1774; x_wconf 83' lang='grc' dir='ltr'><strong><em>πλὴν</em></strong></span> <span class='ocrx_word' id='word_1_125' title='bbox 588 1680 664 1756; x_wconf 75' lang='grc' dir='ltr'><strong><em>οὐδ’</em></strong></span> <span class='ocrx_word' id='word_1_126' title='bbox 691 1686 816 1775; x_wconf 83' lang='grc' dir='ltr'><strong><em>έτέρως</em></strong></span> <span class='ocrx_word' id='word_1_127' title='bbox 843 1682 1027 1776; x_wconf 82' lang='grc' dir='ltr'><strong><em>προσήκειν</em></strong></span> <span class='ocrx_word' id='word_1_128' title='bbox 1052 1685 1145 1772; x_wconf 90' lang='grc' dir='ltr'><strong><em>οίμαι</em></strong></span> <span class='ocrx_word' id='word_1_129' title='bbox 1171 1681 1342 1770; x_wconf 79' lang='grc' dir='ltr'><strong><em>ἐξακούειν</em></strong></span> <span class='ocrx_word' id='word_1_130' title='bbox 1372 1687 1435 1772; x_wconf 84' lang='grc' dir='ltr'><strong><em>τῆς</em></strong></span> <span class='ocrx_word' id='word_1_131' title='bbox 1465 1687 1589 1771; x_wconf 85' lang='grc' dir='ltr'><strong><em>φωνῆς</em></strong></span> <span class='ocrx_word' id='word_1_132' title='bbox 1618 1709 1637 1771; x_wconf 91' lang='grc' dir='ltr'><strong><em>η</em></strong></span> <span class='ocrx_word' id='word_1_133' title='bbox 1621 1676 1784 1755; x_wconf 52' lang='grc' dir='ltr'><strong><em>ἑρμηνεία</em></strong></span> 
     </span>
     <span class='ocr_line' id='line_1_14' title="bbox 329 1746 1796 1882; baseline -0.003 -27"><span class='ocrx_word' id='word_1_134' title='bbox 329 1780 424 1874; x_wconf 82' lang='grc' dir='ltr'><strong><em>αύτῷ</em></strong></span> <span class='ocrx_word' id='word_1_135' title='bbox 447 1780 554 1856; x_wconf 86' lang='grc' dir='ltr'><strong><em>πάλιν</em></strong></span> <span class='ocrx_word' id='word_1_136' title='bbox 574 1789 872 1875; x_wconf 83' lang='grc' dir='ltr'><strong><em>μαθητευομένους</em></strong></span> <span class='ocrx_word' id='word_1_137' title='bbox 893 1792 944 1875; x_wconf 81' lang='grc' dir='ltr'><strong><em>τῷ</em></strong></span> <span class='ocrx_word' id='word_1_138' title='bbox 968 1780 1185 1873; x_wconf 79' lang='grc' dir='ltr'><strong><em>εύαγγελιστῇ</em></strong></span> <span class='ocrx_word' id='word_1_139' title='bbox 1200 1779 1395 1855; x_wconf 79' lang='grc' dir='ltr'><strong><em>διδάσκοντι</em></strong></span> <span class='ocrx_word' id='word_1_140' title='bbox 1414 1777 1540 1854; x_wconf 85' lang='grc' dir='ltr'><strong><em>δποῖον</em></strong></span> <span class='ocrx_word' id='word_1_141' title='bbox 1562 1785 1639 1852; x_wconf 89' lang='grc' dir='ltr'><strong><em>διω·</em></strong></span> <span class='ocrx_word' id='word_1_142' title='bbox 1655 1746 1796 1882; x_wconf 54' lang='grc' dir='ltr'><strong><em>ητοῆῦςςάλγᾯ,</em></strong></span> 
     </span>
     <span class='ocr_line' id='line_1_15' title="bbox 329 1873 1796 2003; baseline -0.002 -51"><span class='ocrx_word' id='word_1_143' title='bbox 329 1889 440 1972; x_wconf 78' lang='grc' dir='ltr'><strong><em>ρίζετο</em></strong></span> <span class='ocrx_word' id='word_1_144' title='bbox 464 1879 595 1974; x_wconf 84' lang='grc' dir='ltr'><strong><em>λόγον·</em></strong></span> <span class='ocrx_word' id='word_1_145' title='bbox 621 1891 740 1971; x_wconf 82' lang='grc' dir='ltr'><strong><em>σαφῶς</em></strong></span> <span class='ocrx_word' id='word_1_146' title='bbox 763 1891 798 1957; x_wconf 77' lang='grc' dir='ltr'><strong><em>δέ</em></strong></span> <span class='ocrx_word' id='word_1_147' title='bbox 821 1890 948 1958; x_wconf 85' lang='grc' dir='ltr'><strong><em>τοῦτον</em></strong></span> <span class='ocrx_word' id='word_1_148' title='bbox 974 1889 1121 1972; x_wconf 81' lang='grc' dir='ltr'><strong><em>παρίστη</em></strong></span> <span class='ocrx_word' id='word_1_149' title='bbox 1147 1878 1219 2003; x_wconf 72' lang='grc' dir='ltr'><strong><em>οίύς</em></strong></span> <span class='ocrx_word' id='word_1_150' title='bbox 1241 1911 1293 1964; x_wconf 91' lang='grc' dir='ltr'><strong><em>τις</em></strong></span> <span class='ocrx_word' id='word_1_151' title='bbox 1315 1873 1372 1971; x_wconf 81' lang='grc' dir='ltr'><strong><em>ἦν,</em></strong></span> <span class='ocrx_word' id='word_1_152' title='bbox 1394 1878 1640 1953; x_wconf 83' lang='grc' dir='ltr'><strong><em>ίπισυνάπτων</em></strong></span> <span class='ocrx_word' id='word_1_153' title='bbox 1655 1885 1728 1949; x_wconf 65' lang='lat' dir='ltr'><em>volve</em></span> <span class='ocrx_word' id='word_1_154' title='bbox 1756 1890 1796 1938; x_wconf 76' lang='grc' dir='ltr'><strong><em>τοῦ</em></strong></span> 
     </span>
    </p>
   </div>
   <div class='ocr_carea' id='block_1_3' title="bbox 277 2176 1673 3466">
    <p class='ocr_par' dir='ltr' id='par_1_3' title="bbox 277 2176 1833 3466">
     <span class='ocr_line' id='line_1_16' title="bbox 329 2176 1639 2302; baseline -0.004 -48"><span class='ocrx_word' id='word_1_155' title='bbox 329 2178 458 2254; x_wconf 83' lang='grc' dir='ltr'><strong><em>ταύτὸν</em></strong></span> <span class='ocrx_word' id='word_1_156' title='bbox 485 2178 599 2302; x_wconf 73' lang='grc' dir='ltr'><strong><em>ηγεῖτο</em></strong></span> <span class='ocrx_word' id='word_1_157' title='bbox 627 2180 692 2254; x_wconf 85' lang='grc' dir='ltr'><strong><em>τὸν</em></strong></span> <span class='ocrx_word' id='word_1_158' title='bbox 717 2189 850 2273; x_wconf 86' lang='grc' dir='ltr'><strong><em>πατέρα</em></strong></span> <span class='ocrx_word' id='word_1_159' title='bbox 876 2184 961 2255; x_wconf 90' lang='grc' dir='ltr'><strong><em>είναι</em></strong></span> <span class='ocrx_word' id='word_1_160' title='bbox 987 2190 1043 2254; x_wconf 84' lang='grc' dir='ltr'><strong><em>καὶ</em></strong></span> <span class='ocrx_word' id='word_1_161' title='bbox 1069 2181 1133 2255; x_wconf 88' lang='grc' dir='ltr'><strong><em>τὸν</em></strong></span> <span class='ocrx_word' id='word_1_162' title='bbox 1154 2178 1230 2253; x_wconf 86' lang='grc' dir='ltr'><strong><em>υίὸν</em></strong></span> <span class='ocrx_word' id='word_1_163' title='bbox 1251 2176 1359 2253; x_wconf 85' lang='grc' dir='ltr'><strong><em>αύτύν</em></strong></span> <span class='ocrx_word' id='word_1_164' title='bbox 1388 2207 1428 2251; x_wconf 88' lang='grc' dir='ltr'><strong><em>τε</em></strong></span> <span class='ocrx_word' id='word_1_165' title='bbox 1457 2181 1546 2252; x_wconf 88' lang='grc' dir='ltr'><strong><em>είναι</em></strong></span> <span class='ocrx_word' id='word_1_166' title='bbox 1576 2178 1639 2252; x_wconf 85' lang='grc' dir='ltr'><strong><em>τὸν</em></strong></span> 
     </span>
     <span class='ocr_line' id='line_1_17' title="bbox 330 2273 1670 2402; baseline -0.005 -49"><span class='ocrx_word' id='word_1_167' title='bbox 330 2277 436 2402; x_wconf 74' lang='grc' dir='ltr'><strong><em>λύγον</em></strong></span> <span class='ocrx_word' id='word_1_168' title='bbox 468 2279 532 2353; x_wconf 87' lang='grc' dir='ltr'><strong><em>τὸν</em></strong></span> <span class='ocrx_word' id='word_1_169' title='bbox 561 2287 616 2354; x_wconf 84' lang='grc' dir='ltr'><strong><em>έπὶ</em></strong></span> <span class='ocrx_word' id='word_1_170' title='bbox 645 2279 791 2355; x_wconf 90' lang='grc' dir='ltr'><strong><em>πάντων</em></strong></span> <span class='ocrx_word' id='word_1_171' title='bbox 822 2280 920 2367; x_wconf 85' lang='grc' dir='ltr'><strong><em>θεάν,</em></strong></span> <span class='ocrx_word' id='word_1_172' title='bbox 951 2278 1013 2371; x_wconf 78' lang='grc' dir='ltr'><strong><em>οὐχ</em></strong></span> <span class='ocrx_word' id='word_1_173' title='bbox 1039 2274 1151 2364; x_wconf 86' lang='grc' dir='ltr'><strong><em>οῦτως</em></strong></span> <span class='ocrx_word' id='word_1_174' title='bbox 1176 2285 1318 2367; x_wconf 81' lang='grc' dir='ltr'><strong><em>έξίδωκε</em></strong></span> <span class='ocrx_word' id='word_1_175' title='bbox 1344 2279 1409 2370; x_wconf 77' lang='grc' dir='ltr'><strong><em>τὴν</em></strong></span> <span class='ocrx_word' id='word_1_176' title='bbox 1430 2278 1576 2370; x_wconf 83' lang='grc' dir='ltr'><strong><em>γραφήν.</em></strong></span> <span class='ocrx_word' id='word_1_177' title='bbox 1616 2273 1670 2401; x_wconf 78' lang='lat'><strong><em>52</em></strong></span> 
     </span>
     <span class='ocr_line' id='line_1_18' title="bbox 329 2373 1638 2500; baseline -0.003 -47"><span class='ocrx_word' id='word_1_178' title='bbox 329 2378 393 2470; x_wconf 84' lang='grc' dir='ltr'><strong><em>γάρ</em></strong></span> <span class='ocrx_word' id='word_1_179' title='bbox 415 2387 472 2453; x_wconf 86' lang='grc' dir='ltr'><strong><em>καὶ</em></strong></span> <span class='ocrx_word' id='word_1_180' title='bbox 493 2387 580 2454; x_wconf 90' lang='grc' dir='ltr'><strong><em>θεοῦ</em></strong></span> <span class='ocrx_word' id='word_1_181' title='bbox 600 2373 644 2500; x_wconf 68' lang='grc' dir='ltr'><strong><em>τήν</em></strong></span> <span class='ocrx_word' id='word_1_182' title='bbox 666 2377 685 2454; x_wconf 91' lang='lat'><strong><em>5</em></strong></span> <span class='ocrx_word' id='word_1_183' title='bbox 709 2380 810 2472; x_wconf 85' lang='grc' dir='ltr'><strong><em>λόγος</em></strong></span> <span class='ocrx_word' id='word_1_184' title='bbox 831 2387 933 2472; x_wconf 82' lang='grc' dir='ltr'><strong><em>έχρῆν</em></strong></span> <span class='ocrx_word' id='word_1_185' title='bbox 960 2376 1118 2454; x_wconf 82' lang='grc' dir='ltr'><strong><em>εἰπεῖν</em></strong></span> <span class='ocrx_word' id='word_1_186' title='bbox 1095 2409 1116 2470; x_wconf 92' lang='grc' dir='ltr'><strong><em>η</em></strong></span> <span class='ocrx_word' id='word_1_187' title='bbox 1144 2374 1164 2451; x_wconf 93' lang='lat'><strong><em>5</em></strong></span> <span class='ocrx_word' id='word_1_188' title='bbox 1186 2377 1268 2461; x_wconf 86' lang='grc' dir='ltr'><strong><em>θεὸς</em></strong></span> <span class='ocrx_word' id='word_1_189' title='bbox 1290 2407 1333 2468; x_wconf 87' lang='grc' dir='ltr'><strong><em>ην</em></strong></span> <span class='ocrx_word' id='word_1_190' title='bbox 1355 2408 1374 2449; x_wconf 93' lang='grc' dir='ltr'><strong><em>ο</em></strong></span> <span class='ocrx_word' id='word_1_191' title='bbox 1405 2375 1524 2468; x_wconf 85' lang='grc' dir='ltr'><strong><em>λόγος,</em></strong></span> <span class='ocrx_word' id='word_1_192' title='bbox 1556 2376 1638 2469; x_wconf 85' lang='grc' dir='ltr'><strong><em>μετά</em></strong></span> 
     </span>
     <span class='ocr_line' id='line_1_19' title="bbox 277 2476 1640 2572; baseline -0.004 -18"><span class='ocrx_word' id='word_1_193' title='bbox 277 2498 313 2554; x_wconf 80' lang='grc'><strong><em>20</em></strong></span> <span class='ocrx_word' id='word_1_194' title='bbox 330 2477 530 2570; x_wconf 80' lang='grc' dir='ltr'><strong><em>προσθήκης</em></strong></span> <span class='ocrx_word' id='word_1_195' title='bbox 560 2487 624 2554; x_wconf 91' lang='grc' dir='ltr'><strong><em>τοῦ</em></strong></span> <span class='ocrx_word' id='word_1_196' title='bbox 654 2480 801 2572; x_wconf 88' lang='grc' dir='ltr'><strong><em>ἀρθρου,</em></strong></span> <span class='ocrx_word' id='word_1_197' title='bbox 833 2487 862 2553; x_wconf 90' lang='grc' dir='ltr'><strong><em>εί</em></strong></span> <span class='ocrx_word' id='word_1_198' title='bbox 891 2488 935 2570; x_wconf 78' lang='grc' dir='ltr'><strong><em>τῇ</em></strong></span> <span class='ocrx_word' id='word_1_199' title='bbox 965 2486 1169 2570; x_wconf 78' lang='grc' dir='ltr'><strong><em>Μαρκέλλου</em></strong></span> <span class='ocrx_word' id='word_1_200' title='bbox 1194 2484 1328 2571; x_wconf 82' lang='grc' dir='ltr'><strong><em>διανοίᾳ</em></strong></span> <span class='ocrx_word' id='word_1_201' title='bbox 1358 2476 1547 2568; x_wconf 86' lang='grc' dir='ltr'><strong><em>σύμφωνον</em></strong></span> <span class='ocrx_word' id='word_1_202' title='bbox 1577 2476 1640 2567; x_wconf 78' lang='grc' dir='ltr'><strong><em>τὴν</em></strong></span> 
     </span>
     <span class='ocr_line' id='line_1_20' title="bbox 330 2575 1640 2700; baseline -0.001 -50"><span class='ocrx_word' id='word_1_203' title='bbox 330 2578 467 2670; x_wconf 83' lang='grc' dir='ltr'><strong><em>γραφὴν</em></strong></span> <span class='ocrx_word' id='word_1_204' title='bbox 488 2585 645 2653; x_wconf 78' lang='grc' dir='ltr'><strong><em>ἐποιεῖτο.</em></strong></span> <span class='ocrx_word' id='word_1_205' title='bbox 688 2590 764 2653; x_wconf 85' lang='grc' dir='ltr'><strong><em>νυνί</em></strong></span> <span class='ocrx_word' id='word_1_206' title='bbox 786 2586 822 2652; x_wconf 76' lang='grc' dir='ltr'><strong><em>δὲ</em></strong></span> <span class='ocrx_word' id='word_1_207' title='bbox 847 2587 903 2652; x_wconf 84' lang='grc' dir='ltr'><strong><em>καὶ</em></strong></span> <span class='ocrx_word' id='word_1_208' title='bbox 925 2577 1032 2653; x_wconf 83' lang='grc' dir='ltr'><strong><em>αύτὸν</em></strong></span> <span class='ocrx_word' id='word_1_209' title='bbox 1053 2579 1118 2651; x_wconf 85' lang='grc' dir='ltr'><strong><em>τὸν</em></strong></span> <span class='ocrx_word' id='word_1_210' title='bbox 1139 2575 1244 2700; x_wconf 73' lang='grc' dir='ltr'><strong><em>λύγον</em></strong></span> <span class='ocrx_word' id='word_1_211' title='bbox 1270 2577 1356 2651; x_wconf 86' lang='grc' dir='ltr'><strong><em>θεὸν</em></strong></span> <span class='ocrx_word' id='word_1_212' title='bbox 1377 2580 1464 2649; x_wconf 92' lang='grc' dir='ltr'><strong><em>είναι</em></strong></span> <span class='ocrx_word' id='word_1_213' title='bbox 1484 2584 1640 2699; x_wconf 83' lang='grc' dir='ltr'><strong><em>παρίστη,</em></strong></span> 
     </span>
     <span class='ocr_line' id='line_1_21' title="bbox 332 2668 1642 2772; baseline -0.002 -20"><span class='ocrx_word' id='word_1_214' title='bbox 332 2673 460 2769; x_wconf 86' lang='grc' dir='ltr'><strong><em>δμοίως</em></strong></span> <span class='ocrx_word' id='word_1_215' title='bbox 488 2688 540 2770; x_wconf 80' lang='grc' dir='ltr'><strong><em>τῷ</em></strong></span> <span class='ocrx_word' id='word_1_216' title='bbox 561 2679 648 2768; x_wconf 85' lang='grc' dir='ltr'><strong><em>πρὸς</em></strong></span> <span class='ocrx_word' id='word_1_217' title='bbox 670 2673 713 2752; x_wconf 82' lang='grc' dir='ltr'><strong><em>ῦν</em></strong></span> <span class='ocrx_word' id='word_1_218' title='bbox 733 2672 777 2770; x_wconf 78' lang='grc' dir='ltr'><strong><em>ἦν</em></strong></span> <span class='ocrx_word' id='word_1_219' title='bbox 803 2686 890 2772; x_wconf 80' lang='grc' dir='ltr'><strong><em>θεῷ</em></strong></span> <span class='ocrx_word' id='word_1_220' title='bbox 925 2680 1104 2770; x_wconf 82' lang='grc' dir='ltr'><strong><em>προειπών</em></strong></span> <span class='ocrx_word' id='word_1_221' title='bbox 1134 2677 1197 2769; x_wconf 86' lang='grc' dir='ltr'><strong><em>γάρ</em></strong></span> <span class='ocrx_word' id='word_1_222' title='bbox 1231 2671 1345 2749; x_wconf 56' lang='grc' dir='ltr'><strong><em>»καὶε</em></strong></span> <span class='ocrx_word' id='word_1_223' title='bbox 1326 2706 1345 2748; x_wconf 98' lang='grc' dir='ltr'><strong><em>ο</em></strong></span> <span class='ocrx_word' id='word_1_224' title='bbox 1368 2674 1470 2766; x_wconf 84' lang='grc' dir='ltr'><strong><em>λόγος</em></strong></span> <span class='ocrx_word' id='word_1_225' title='bbox 1492 2668 1536 2767; x_wconf 84' lang='grc' dir='ltr'><strong><em>ἦν</em></strong></span> <span class='ocrx_word' id='word_1_226' title='bbox 1557 2676 1642 2768; x_wconf 87' lang='grc' dir='ltr'><strong><em>πρὸς</em></strong></span> 
     </span>
     <span class='ocr_line' id='line_1_22' title="bbox 332 2771 1641 2901; baseline -0.001 -52"><span class='ocrx_word' id='word_1_227' title='bbox 332 2777 396 2850; x_wconf 86' lang='grc' dir='ltr'><strong><em>τὸν</em></strong></span> <span class='ocrx_word' id='word_1_228' title='bbox 417 2776 537 2866; x_wconf 76' lang='grc' dir='ltr'><strong><em>θεόνι,</em></strong></span> <span class='ocrx_word' id='word_1_229' title='bbox 568 2776 684 2868; x_wconf 78' lang='grc' dir='ltr'><strong><em>ἐπάγει</em></strong></span> <span class='ocrx_word' id='word_1_230' title='bbox 711 2786 822 2869; x_wconf 89' lang='grc' dir='ltr'><strong><em>λέγων</em></strong></span> <span class='ocrx_word' id='word_1_231' title='bbox 847 2786 920 2854; x_wconf 75' lang='grc' dir='ltr'><strong><em>»καὶ</em></strong></span> <span class='ocrx_word' id='word_1_232' title='bbox 942 2779 1024 2862; x_wconf 82' lang='grc' dir='ltr'><strong><em>θεὸς</em></strong></span> <span class='ocrx_word' id='word_1_233' title='bbox 1035 2771 1130 2901; x_wconf 64' lang='lat' dir='ltr'><strong><em>t555</em></strong></span> <span class='ocrx_word' id='word_1_234' title='bbox 1161 2775 1297 2867; x_wconf 76' lang='grc' dir='ltr'><strong><em>λόγοςι,</em></strong></span> <span class='ocrx_word' id='word_1_235' title='bbox 1327 2784 1514 2867; x_wconf 84' lang='grc' dir='ltr'><strong><em>μονονουχὶ</em></strong></span> <span class='ocrx_word' id='word_1_236' title='bbox 1544 2783 1641 2864; x_wconf 89' lang='grc' dir='ltr'><strong><em>σαφέ-</em></strong></span> 
     </span>
     <span class='ocr_line' id='line_1_23' title="bbox 332 2873 1642 3000; baseline -0.002 -51"><span class='ocrx_word' id='word_1_237' title='bbox 332 2900 455 2967; x_wconf 86' lang='grc' dir='ltr'><strong><em>στερον</em></strong></span> <span class='ocrx_word' id='word_1_238' title='bbox 478 2874 563 3000; x_wconf 72' lang='grc' dir='ltr'><strong><em>ημᾶς</em></strong></span> <span class='ocrx_word' id='word_1_239' title='bbox 585 2875 756 2952; x_wconf 89' lang='grc' dir='ltr'><strong><em>διδάσκων</em></strong></span> <span class='ocrx_word' id='word_1_240' title='bbox 776 2886 921 2970; x_wconf 82' lang='grc' dir='ltr'><strong><em>πρῶτον</em></strong></span> <span class='ocrx_word' id='word_1_241' title='bbox 943 2886 1003 2969; x_wconf 80' lang='grc' dir='ltr'><strong><em>μὲν</em></strong></span> <span class='ocrx_word' id='word_1_242' title='bbox 1024 2873 1177 2968; x_wconf 81' lang='grc' dir='ltr'><strong><em>ἡγεῖσθαι</em></strong></span> <span class='ocrx_word' id='word_1_243' title='bbox 1199 2874 1285 2949; x_wconf 87' lang='grc' dir='ltr'><strong><em>θεὸν</em></strong></span> <span class='ocrx_word' id='word_1_244' title='bbox 1306 2877 1370 2949; x_wconf 85' lang='grc' dir='ltr'><strong><em>τὸν</em></strong></span> <span class='ocrx_word' id='word_1_245' title='bbox 1391 2880 1548 2950; x_wconf 73' lang='grc' dir='ltr'><strong><em>ἐπέκεινα</em></strong></span> <span class='ocrx_word' id='word_1_246' title='bbox 1570 2882 1642 2947; x_wconf 82' lang='grc' dir='ltr'><strong><em>τῶν</em></strong></span> 
     </span>
     <span class='ocr_line' id='line_1_24' title="bbox 280 2967 1641 3100; baseline -0.001 -51"><span class='ocrx_word' id='word_1_247' title='bbox 280 2994 315 3051; x_wconf 80' lang='lat'><strong><em>25</em></strong></span> <span class='ocrx_word' id='word_1_248' title='bbox 333 2971 429 3050; x_wconf 75' lang='grc' dir='ltr'><strong><em>ὅλων</em></strong></span> <span class='ocrx_word' id='word_1_249' title='bbox 448 2974 555 3050; x_wconf 85' lang='grc' dir='ltr'><strong><em>αύτὸν</em></strong></span> <span class='ocrx_word' id='word_1_250' title='bbox 578 2977 640 3049; x_wconf 88' lang='grc' dir='ltr'><strong><em>τὸν</em></strong></span> <span class='ocrx_word' id='word_1_251' title='bbox 661 2983 725 3049; x_wconf 91' lang='grc' dir='ltr'><strong><em>τοῦ</em></strong></span> <span class='ocrx_word' id='word_1_252' title='bbox 746 2977 850 3069; x_wconf 86' lang='grc' dir='ltr'><strong><em>λύγου</em></strong></span> <span class='ocrx_word' id='word_1_253' title='bbox 863 2986 1003 3066; x_wconf 81' lang='grc' dir='ltr'><strong><em>πατέρα,</em></strong></span> <span class='ocrx_word' id='word_1_254' title='bbox 1025 2977 1112 3067; x_wconf 87' lang='grc' dir='ltr'><strong><em>πρὸς</em></strong></span> <span class='ocrx_word' id='word_1_255' title='bbox 1135 2970 1177 3048; x_wconf 80' lang='grc' dir='ltr'><strong><em>ῦν</em></strong></span> <span class='ocrx_word' id='word_1_256' title='bbox 1198 2967 1243 3067; x_wconf 83' lang='grc' dir='ltr'><strong><em>ἦν</em></strong></span> <span class='ocrx_word' id='word_1_257' title='bbox 1264 2971 1283 3048; x_wconf 92' lang='lat'><strong><em>5</em></strong></span> <span class='ocrx_word' id='word_1_258' title='bbox 1306 2972 1418 3065; x_wconf 88' lang='grc' dir='ltr'><strong><em>λύγος,</em></strong></span> <span class='ocrx_word' id='word_1_259' title='bbox 1440 2978 1559 3049; x_wconf 77' lang='grc' dir='ltr'><strong><em>ἔπειτα</em></strong></span> <span class='ocrx_word' id='word_1_260' title='bbox 1571 2971 1641 3100; x_wconf 77' lang='grc' dir='ltr'><strong><em>μετ’</em></strong></span> 
     </span>
     <span class='ocr_line' id='line_1_25' title="bbox 332 3070 1642 3198; baseline -0.002 -50"><span class='ocrx_word' id='word_1_261' title='bbox 332 3073 440 3149; x_wconf 88' lang='grc' dir='ltr'><strong><em>αύτόν</em></strong></span> <span class='ocrx_word' id='word_1_262' title='bbox 459 3077 504 3168; x_wconf 81' lang='grc' dir='ltr'><strong><em>μὴ</em></strong></span> <span class='ocrx_word' id='word_1_263' title='bbox 527 3073 664 3166; x_wconf 78' lang='grc' dir='ltr'><strong><em>ἀγνοεῖν</em></strong></span> <span class='ocrx_word' id='word_1_264' title='bbox 685 3073 733 3160; x_wconf 83' lang='grc' dir='ltr'><strong><em>οδς</em></strong></span> <span class='ocrx_word' id='word_1_265' title='bbox 754 3072 850 3150; x_wconf 56' lang='grc' dir='ltr'><strong><em>καὶι</em></strong></span> <span class='ocrx_word' id='word_1_266' title='bbox 831 3074 968 3168; x_wconf 87' lang='grc' dir='ltr'><strong><em>ολόγος</em></strong></span> <span class='ocrx_word' id='word_1_267' title='bbox 983 3073 1090 3151; x_wconf 80' lang='grc' dir='ltr'><strong><em>αὐτοῦ</em></strong></span> <span class='ocrx_word' id='word_1_268' title='bbox 1111 3070 1339 3196; x_wconf 85' lang='grc' dir='ltr'><strong><em>δμονογενὴς</em></strong></span> <span class='ocrx_word' id='word_1_269' title='bbox 1346 3073 1428 3159; x_wconf 87' lang='grc' dir='ltr'><strong><em>οίός,</em></strong></span> <span class='ocrx_word' id='word_1_270' title='bbox 1451 3072 1527 3198; x_wconf 80' lang='grc' dir='ltr'><strong><em>ούχὶ</em></strong></span> <span class='ocrx_word' id='word_1_271' title='bbox 1542 3072 1642 3159; x_wconf 75' lang='grc' dir='ltr'><strong><em>αὐτὸς</em></strong></span> 
     </span>
     <span class='ocr_line' id='line_1_26' title="bbox 333 3166 1673 3267; baseline 0 -19"><span class='ocrx_word' id='word_1_272' title='bbox 333 3169 377 3267; x_wconf 82' lang='grc' dir='ltr'><strong><em>ἦν</em></strong></span> <span class='ocrx_word' id='word_1_273' title='bbox 399 3206 418 3248; x_wconf 93' lang='grc' dir='ltr'><strong><em>ο</em></strong></span> <span class='ocrx_word' id='word_1_274' title='bbox 408 3171 496 3249; x_wconf 58' lang='grc' dir='ltr'><strong><em>ςέπὶ</em></strong></span> <span class='ocrx_word' id='word_1_275' title='bbox 517 3172 663 3248; x_wconf 91' lang='grc' dir='ltr'><strong><em>πάντων</em></strong></span> <span class='ocrx_word' id='word_1_276' title='bbox 692 3174 788 3262; x_wconf 86' lang='grc' dir='ltr'><strong><em>θεός,</em></strong></span> <span class='ocrx_word' id='word_1_277' title='bbox 818 3173 893 3250; x_wconf 85' lang='grc' dir='ltr'><strong><em>ἀλλ</em></strong></span> <span class='ocrx_word' id='word_1_278' title='bbox 925 3172 982 3249; x_wconf 78' lang='grc' dir='ltr'><strong><em>ὅτι</em></strong></span> <span class='ocrx_word' id='word_1_279' title='bbox 1007 3182 1063 3247; x_wconf 82' lang='grc' dir='ltr'><strong><em>καὶ</em></strong></span> <span class='ocrx_word' id='word_1_280' title='bbox 1089 3172 1193 3259; x_wconf 86' lang='grc' dir='ltr'><strong><em>αύτὸς</em></strong></span> <span class='ocrx_word' id='word_1_281' title='bbox 1216 3175 1298 3259; x_wconf 86' lang='grc' dir='ltr'><strong><em>θεὸς</em></strong></span> <span class='ocrx_word' id='word_1_282' title='bbox 1320 3166 1371 3265; x_wconf 82' lang='grc' dir='ltr'><strong><em>ἦν.</em></strong></span> <span class='ocrx_word' id='word_1_283' title='bbox 1414 3170 1525 3265; x_wconf 83' lang='grc' dir='ltr'><strong><em>δγάρ</em></strong></span> <span class='ocrx_word' id='word_1_284' title='bbox 1550 3181 1673 3248; x_wconf 63' lang='lat' dir='ltr'><strong><em>»naha</em></strong></span> 
     </span>
     <span class='ocr_line' id='line_1_27' title="bbox 334 3272 1643 3397; baseline 0 -51"><span class='ocrx_word' id='word_1_285' title='bbox 334 3273 516 3366; x_wconf 89' lang='grc' dir='ltr'><strong><em>σύνδεσμος</em></strong></span> <span class='ocrx_word' id='word_1_286' title='bbox 546 3282 598 3365; x_wconf 82' lang='grc' dir='ltr'><strong><em>τῷ</em></strong></span> <span class='ocrx_word' id='word_1_287' title='bbox 628 3283 733 3365; x_wconf 86' lang='grc' dir='ltr'><strong><em>πατρὶ</em></strong></span> <span class='ocrx_word' id='word_1_288' title='bbox 759 3274 922 3349; x_wconf 88' lang='grc' dir='ltr'><strong><em>συνάπτει</em></strong></span> <span class='ocrx_word' id='word_1_289' title='bbox 949 3274 1015 3366; x_wconf 81' lang='grc' dir='ltr'><strong><em>τὴν</em></strong></span> <span class='ocrx_word' id='word_1_290' title='bbox 1045 3272 1198 3397; x_wconf 74' lang='grc' dir='ltr'><strong><em>θεύτητα</em></strong></span> <span class='ocrx_word' id='word_1_291' title='bbox 1229 3281 1292 3348; x_wconf 91' lang='grc' dir='ltr'><strong><em>τοῦ</em></strong></span> <span class='ocrx_word' id='word_1_292' title='bbox 1321 3278 1404 3347; x_wconf 87' lang='grc' dir='ltr'><strong><em>υίοῦ.</em></strong></span> <span class='ocrx_word' id='word_1_293' title='bbox 1452 3273 1504 3348; x_wconf 88' lang='grc' dir='ltr'><strong><em>διύ</em></strong></span> <span class='ocrx_word' id='word_1_294' title='bbox 1540 3297 1643 3397; x_wconf 80' lang='grc' dir='ltr'><strong><em>φησιν</em></strong></span> 
     </span>
     <span class='ocr_line' id='line_1_28' title="bbox 337 3366 1644 3466; baseline -0.001 -20"><span class='ocrx_word' id='word_1_295' title='bbox 337 3382 409 3447; x_wconf 75' lang='grc' dir='ltr'><strong><em>»καὶ</em></strong></span> <span class='ocrx_word' id='word_1_296' title='bbox 436 3374 517 3459; x_wconf 85' lang='grc' dir='ltr'><strong><em>θεὸς</em></strong></span> <span class='ocrx_word' id='word_1_297' title='bbox 540 3366 583 3464; x_wconf 80' lang='grc' dir='ltr'><strong><em>ἦν</em></strong></span> <span class='ocrx_word' id='word_1_298' title='bbox 605 3369 624 3447; x_wconf 91' lang='lat'><strong><em>5</em></strong></span> <span class='ocrx_word' id='word_1_299' title='bbox 647 3373 783 3466; x_wconf 76' lang='grc' dir='ltr'><strong><em>λάχοςι,</em></strong></span> <span class='ocrx_word' id='word_1_300' title='bbox 814 3371 856 3449; x_wconf 78' lang='grc' dir='ltr'><strong><em>ἵν’</em></strong></span> <span class='ocrx_word' id='word_1_301' title='bbox 887 3380 1012 3464; x_wconf 78' lang='grc' dir='ltr'><strong><em>ἴδωμεν</em></strong></span> <span class='ocrx_word' id='word_1_302' title='bbox 1043 3375 1128 3448; x_wconf 87' lang='grc' dir='ltr'><strong><em>θεὸν</em></strong></span> <span class='ocrx_word' id='word_1_303' title='bbox 1158 3375 1222 3448; x_wconf 87' lang='grc' dir='ltr'><strong><em>τὸν</em></strong></span> <span class='ocrx_word' id='word_1_304' title='bbox 1247 3379 1303 3447; x_wconf 82' lang='grc' dir='ltr'><strong><em>έπὶ</em></strong></span> <span class='ocrx_word' id='word_1_305' title='bbox 1328 3371 1474 3446; x_wconf 89' lang='grc' dir='ltr'><strong><em>πάντων</em></strong></span> <span class='ocrx_word' id='word_1_306' title='bbox 1496 3374 1582 3463; x_wconf 87' lang='grc' dir='ltr'><strong><em>πρὸς</em></strong></span> <span class='ocrx_word' id='word_1_307' title='bbox 1604 3367 1644 3445; x_wconf 75' lang='grc' dir='ltr'><strong><em>ὃν</em></strong></span> 
     </span>
    </p>
   </div>
   <div class='ocr_carea' id='block_1_4' title="bbox 281 3465 1833 4063">
    <p class='ocr_par' dir='ltr' id='par_1_4' title="bbox 281 3465 1833 3963">
     <span class='ocr_line' id='line_1_29' title="bbox 281 3465 1644 3565; baseline -0.003 -19"><span class='ocrx_word' id='word_1_308' title='bbox 281 3490 317 3546; x_wconf 78' lang='grc'><strong><em>30</em></strong></span> <span class='ocrx_word' id='word_1_309' title='bbox 335 3465 378 3563; x_wconf 81' lang='grc' dir='ltr'><strong><em>ἦν</em></strong></span> <span class='ocrx_word' id='word_1_310' title='bbox 413 3468 433 3547; x_wconf 90' lang='lat'><strong><em>5</em></strong></span> <span class='ocrx_word' id='word_1_311' title='bbox 464 3471 573 3564; x_wconf 85' lang='grc' dir='ltr'><strong><em>λόγος.</em></strong></span> <span class='ocrx_word' id='word_1_312' title='bbox 626 3481 682 3547; x_wconf 86' lang='grc' dir='ltr'><strong><em>καὶ</em></strong></span> <span class='ocrx_word' id='word_1_313' title='bbox 714 3473 801 3547; x_wconf 84' lang='grc' dir='ltr'><strong><em>θεὸν</em></strong></span> <span class='ocrx_word' id='word_1_314' title='bbox 831 3471 937 3547; x_wconf 87' lang='grc' dir='ltr'><strong><em>αύτὸν</em></strong></span> <span class='ocrx_word' id='word_1_315' title='bbox 967 3475 1031 3547; x_wconf 89' lang='grc' dir='ltr'><strong><em>τὸν</em></strong></span> <span class='ocrx_word' id='word_1_316' title='bbox 1061 3472 1216 3565; x_wconf 78' lang='grc' dir='ltr'><strong><em>λύγονἸ</em></strong></span> <span class='ocrx_word' id='word_1_317' title='bbox 1195 3503 1311 3559; x_wconf 89' lang='grc' dir='ltr'><strong><em>ακουε,</em></strong></span> <span class='ocrx_word' id='word_1_318' title='bbox 1350 3470 1399 3558; x_wconf 64' lang='grc' dir='ltr'><strong><em>αἱς</em></strong></span> <span class='ocrx_word' id='word_1_319' title='bbox 1434 3470 1551 3547; x_wconf 88' lang='grc' dir='ltr'><strong><em>είκόνα</em></strong></span> <span class='ocrx_word' id='word_1_320' title='bbox 1583 3478 1644 3546; x_wconf 88' lang='grc' dir='ltr'><strong><em>τοῦ</em></strong></span> 
     </span>
     <span class='ocr_line' id='line_1_30' title="bbox 334 3568 1833 3664; baseline -0.002 -19"><span class='ocrx_word' id='word_1_321' title='bbox 334 3580 432 3658; x_wconf 89' lang='grc' dir='ltr'><strong><em>θεοῦ,</em></strong></span> <span class='ocrx_word' id='word_1_322' title='bbox 464 3580 519 3645; x_wconf 85' lang='grc' dir='ltr'><strong><em>καὶ</em></strong></span> <span class='ocrx_word' id='word_1_323' title='bbox 549 3570 665 3646; x_wconf 76' lang='grc' dir='ltr'><strong><em>εἰκόνα</em></strong></span> <span class='ocrx_word' id='word_1_324' title='bbox 696 3569 756 3662; x_wconf 88' lang='grc' dir='ltr'><strong><em>ούχ</em></strong></span> <span class='ocrx_word' id='word_1_325' title='bbox 786 3570 835 3657; x_wconf 85' lang='grc' dir='ltr'><strong><em>αδς</em></strong></span> <span class='ocrx_word' id='word_1_326' title='bbox 865 3578 902 3646; x_wconf 92' lang='grc' dir='ltr'><strong><em>έν</em></strong></span> <span class='ocrx_word' id='word_1_327' title='bbox 932 3569 1053 3664; x_wconf 80' lang='grc' dir='ltr'><strong><em>ἀψύχῳ</em></strong></span> <span class='ocrx_word' id='word_1_328' title='bbox 1082 3568 1162 3662; x_wconf 86' lang='grc' dir='ltr'><strong><em>ῦλη,</em></strong></span> <span class='ocrx_word' id='word_1_329' title='bbox 1192 3569 1268 3647; x_wconf 78' lang='grc' dir='ltr'><strong><em>ἀλλ’</em></strong></span> <span class='ocrx_word' id='word_1_330' title='bbox 1300 3569 1349 3657; x_wconf 84' lang='grc' dir='ltr'><strong><em>τδς</em></strong></span> <span class='ocrx_word' id='word_1_331' title='bbox 1381 3579 1418 3645; x_wconf 88' lang='grc' dir='ltr'><strong><em>έν</em></strong></span> <span class='ocrx_word' id='word_1_332' title='bbox 1447 3576 1513 3664; x_wconf 82' lang='grc' dir='ltr'><strong><em>υίῴ</em></strong></span> <span class='ocrx_word' id='word_1_333' title='bbox 1541 3579 1644 3660; x_wconf 81' lang='grc' dir='ltr'><strong><em>ζῶντι</em></strong></span> <span class='ocrx_word' id='word_1_334' title='bbox 1832 3586 1833 3593; x_wconf 76' lang='grc'>’</span> 
     </span>
     <span class='ocr_line' id='line_1_31' title="bbox 334 3668 1643 3763; baseline -0.002 -19"><span class='ocrx_word' id='word_1_335' title='bbox 334 3681 391 3744; x_wconf 82' lang='grc' dir='ltr'><strong><em>καὶ</em></strong></span> <span class='ocrx_word' id='word_1_336' title='bbox 412 3669 635 3763; x_wconf 83' lang='grc' dir='ltr'><strong><em>ἀκριβέστατα</em></strong></span> <span class='ocrx_word' id='word_1_337' title='bbox 656 3672 743 3761; x_wconf 86' lang='grc' dir='ltr'><strong><em>πρὸς</em></strong></span> <span class='ocrx_word' id='word_1_338' title='bbox 764 3672 830 3763; x_wconf 81' lang='grc' dir='ltr'><strong><em>τὴν</em></strong></span> <span class='ocrx_word' id='word_1_339' title='bbox 851 3668 1043 3763; x_wconf 85' lang='grc' dir='ltr'><strong><em>ἀρχέτυπον</em></strong></span> <span class='ocrx_word' id='word_1_340' title='bbox 1065 3671 1217 3762; x_wconf 85' lang='grc' dir='ltr'><strong><em>θεότητα</em></strong></span> <span class='ocrx_word' id='word_1_341' title='bbox 1238 3678 1302 3745; x_wconf 90' lang='grc' dir='ltr'><strong><em>τοῦ</em></strong></span> <span class='ocrx_word' id='word_1_342' title='bbox 1315 3671 1447 3762; x_wconf 88' lang='grc' dir='ltr'><strong><em>πατρὸς</em></strong></span> <span class='ocrx_word' id='word_1_343' title='bbox 1460 3669 1643 3763; x_wconf 89' lang='grc' dir='ltr'><strong><em>ἀφωμοιω-</em></strong></span> 
     </span>
     <span class='ocr_line' id='line_1_32' title="bbox 334 3769 1674 3864; baseline -0.002 -21"><span class='ocrx_word' id='word_1_344' title='bbox 334 3778 435 3862; x_wconf 85' lang='grc' dir='ltr'><strong><em>μένῳ.</em></strong></span> <span class='ocrx_word' id='word_1_345' title='bbox 486 3777 559 3845; x_wconf 75' lang='grc' dir='ltr'><strong><em>ἐπεὶ</em></strong></span> <span class='ocrx_word' id='word_1_346' title='bbox 583 3779 625 3845; x_wconf 81' lang='grc' dir='ltr'><strong><em>δὲ</em></strong></span> <span class='ocrx_word' id='word_1_347' title='bbox 656 3779 707 3862; x_wconf 78' lang='grc' dir='ltr'><strong><em>τῷ</em></strong></span> <span class='ocrx_word' id='word_1_348' title='bbox 738 3769 954 3864; x_wconf 85' lang='grc' dir='ltr'><strong><em>ἀνθρωπίνῳ</em></strong></span> <span class='ocrx_word' id='word_1_349' title='bbox 985 3770 1076 3864; x_wconf 85' lang='grc' dir='ltr'><strong><em>λόγῳ</em></strong></span> <span class='ocrx_word' id='word_1_350' title='bbox 1108 3772 1172 3846; x_wconf 88' lang='grc' dir='ltr'><strong><em>τὸν</em></strong></span> <span class='ocrx_word' id='word_1_351' title='bbox 1202 3779 1267 3845; x_wconf 91' lang='grc' dir='ltr'><strong><em>τοῦ</em></strong></span> <span class='ocrx_word' id='word_1_352' title='bbox 1296 3779 1381 3845; x_wconf 89' lang='grc' dir='ltr'><strong><em>θεοῦ</em></strong></span> <span class='ocrx_word' id='word_1_353' title='bbox 1416 3769 1674 3863; x_wconf 74' lang='grc' dir='ltr'><strong><em>παραβάλλεινῖ</em></strong></span> 
     </span>
     <span class='ocr_line' id='line_1_33' title="bbox 335 3866 1643 3963; baseline -0.002 -21"><span class='ocrx_word' id='word_1_354' title='bbox 335 3866 444 3942; x_wconf 82' lang='grc' dir='ltr'><strong><em>έδύκει</em></strong></span> <span class='ocrx_word' id='word_1_355' title='bbox 463 3878 669 3962; x_wconf 85' lang='grc' dir='ltr'><strong><em>Μαρκέλλῳ,</em></strong></span> <span class='ocrx_word' id='word_1_356' title='bbox 696 3879 751 3942; x_wconf 85' lang='grc' dir='ltr'><strong><em>καὶ</em></strong></span> <span class='ocrx_word' id='word_1_357' title='bbox 772 3869 870 3961; x_wconf 86' lang='grc' dir='ltr'><strong><em>πόσῳ</em></strong></span> <span class='ocrx_word' id='word_1_358' title='bbox 897 3881 1022 3958; x_wconf 84' lang='grc' dir='ltr'><strong><em>βελτίω</em></strong></span> <span class='ocrx_word' id='word_1_359' title='bbox 1044 3875 1129 3945; x_wconf 81' lang='grc' dir='ltr'><strong><em>εἶναι</em></strong></span> <span class='ocrx_word' id='word_1_360' title='bbox 1151 3871 1319 3963; x_wconf 82' lang='grc' dir='ltr'><strong><em>φήσομεν,</em></strong></span> <span class='ocrx_word' id='word_1_361' title='bbox 1342 3869 1448 3944; x_wconf 86' lang='grc' dir='ltr'><strong><em>είκύνι</em></strong></span> <span class='ocrx_word' id='word_1_362' title='bbox 1468 3873 1643 3961; x_wconf 82' lang='grc' dir='ltr'><strong><em>χρώμενον</em></strong></span> 
     </span>
    </p>

    <p class='ocr_par' dir='ltr' id='par_1_5' title="bbox 283 3967 1642 4063">
     <span class='ocr_line' id='line_1_34' title="bbox 283 3967 1642 4063; baseline -0.001 -22"><span class='ocrx_word' id='word_1_363' title='bbox 283 3985 318 4041; x_wconf 73' lang='lat'><strong><em>35</em></strong></span> <span class='ocrx_word' id='word_1_364' title='bbox 335 3977 388 4061; x_wconf 80' lang='grc' dir='ltr'><strong><em>τῷ</em></strong></span> <span class='ocrx_word' id='word_1_365' title='bbox 412 3967 624 4061; x_wconf 80' lang='grc' dir='ltr'><strong><em>ἀνθρωπίνῳ</em></strong></span> <span class='ocrx_word' id='word_1_366' title='bbox 657 3968 764 4060; x_wconf 83' lang='grc' dir='ltr'><strong><em>λόγῳ,</em></strong></span> <span class='ocrx_word' id='word_1_367' title='bbox 796 3971 911 4062; x_wconf 83' lang='grc' dir='ltr'><strong><em>τούτῳ</em></strong></span> <span class='ocrx_word' id='word_1_368' title='bbox 936 3978 1069 4063; x_wconf 82' lang='grc' dir='ltr'><strong><em>μᾶλλον</em></strong></span> <span class='ocrx_word' id='word_1_369' title='bbox 1095 3968 1284 4063; x_wconf 75' lang='grc' dir='ltr'><strong><em>χρησασθαι</em></strong></span> <span class='ocrx_word' id='word_1_370' title='bbox 1316 3979 1370 4063; x_wconf 81' lang='grc' dir='ltr'><strong><em>τῷ</em></strong></span> <span class='ocrx_word' id='word_1_371' title='bbox 1399 3977 1642 4061; x_wconf 85' lang='grc' dir='ltr'><strong><em>παραδείγματι</em></strong></span> 
     </span>
    </p>
   </div>
   <div class='ocr_carea' id='block_1_5' title="bbox 336 4139 1641 4313">
    <p class='ocr_par' dir='ltr' id='par_1_6' title="bbox 336 4139 1641 4313">
     <span class='ocr_line' id='line_1_35' title="bbox 424 4139 1641 4209; baseline -0.002 -14"><span class='ocrx_word' id='word_1_372' title='bbox 424 4141 443 4195; x_wconf 98' lang='grc'><strong>8</strong></span> <span class='ocrx_word' id='word_1_373' title='bbox 462 4142 529 4196; x_wconf 82' lang='lat' dir='ltr'><strong>Gen.</strong></span> <span class='ocrx_word' id='word_1_374' title='bbox 548 4144 571 4207; x_wconf 84' lang='lat'><strong><em>1,</em></strong></span> <span class='ocrx_word' id='word_1_375' title='bbox 590 4142 623 4196; x_wconf 75' lang='lat'><strong><em>26</em></strong></span> <span class='ocrx_word' id='word_1_376' title='bbox 641 4170 674 4179; x_wconf 98' lang='lat'>-</span> <span class='ocrx_word' id='word_1_377' title='bbox 694 4140 731 4196; x_wconf 75' lang='lat'><strong><em>15</em></strong></span> <span class='ocrx_word' id='word_1_378' title='bbox 749 4140 810 4195; x_wconf 87' lang='lat' dir='ltr'><strong>Joh.</strong></span> <span class='ocrx_word' id='word_1_379' title='bbox 831 4143 934 4209; x_wconf 87' lang='grc'><strong><em>1,1-</em></strong></span> <span class='ocrx_word' id='word_1_380' title='bbox 953 4143 992 4198; x_wconf 89' lang='grc'><strong><em>22</em></strong></span> <span class='ocrx_word' id='word_1_381' title='bbox 1011 4142 1073 4197; x_wconf 89' lang='lat' dir='ltr'><strong>Joh.</strong></span> <span class='ocrx_word' id='word_1_382' title='bbox 1092 4144 1144 4209; x_wconf 88' lang='lat'><strong><em>1,1</em></strong></span> <span class='ocrx_word' id='word_1_383' title='bbox 1163 4172 1196 4182; x_wconf 91' lang='lat'>-</span> <span class='ocrx_word' id='word_1_384' title='bbox 1215 4142 1255 4199; x_wconf 87' lang='grc'><strong><em>28</em></strong></span> <span class='ocrx_word' id='word_1_385' title='bbox 1272 4140 1396 4207; x_wconf 84' lang='lat' dir='ltr'>Joh.1,1</span> <span class='ocrx_word' id='word_1_386' title='bbox 1415 4171 1449 4181; x_wconf 96' lang='lat'>-</span> <span class='ocrx_word' id='word_1_387' title='bbox 1468 4139 1641 4205; x_wconf 72' lang='lat' dir='ltr'>29J0h.1,1</span> 
     </span>
     <span class='ocr_line' id='line_1_36' title="bbox 336 4242 677 4313; baseline -0.003 -14"><span class='ocrx_word' id='word_1_388' title='bbox 336 4274 369 4282; x_wconf 94' lang='lat'>—</span> <span class='ocrx_word' id='word_1_389' title='bbox 387 4243 427 4299; x_wconf 90' lang='grc'><strong><em>88</em></strong></span> <span class='ocrx_word' id='word_1_390' title='bbox 445 4242 502 4313; x_wconf 83' lang='lat' dir='ltr'><strong>vgl.</strong></span> <span class='ocrx_word' id='word_1_391' title='bbox 520 4243 566 4297; x_wconf 81' lang='grc' dir='ltr'><strong><em>Νι.</em></strong></span> <span class='ocrx_word' id='word_1_392' title='bbox 585 4244 626 4298; x_wconf 85' lang='grc'><strong><em>55.</em></strong></span> <span class='ocrx_word' id='word_1_393' title='bbox 644 4244 677 4298; x_wconf 81' lang='lat'><strong><em>56</em></strong></span> 
     </span>
    </p>
   </div>
   <div class='ocr_carea' id='block_1_6' title="bbox 335 4386 1641 4668">
    <p class='ocr_par' dir='ltr' id='par_1_7' title="bbox 335 4386 1641 4668">
     <span class='ocr_line' id='line_1_37' title="bbox 424 4386 1638 4468; baseline -0.004 -19"><span class='ocrx_word' id='word_1_394' title='bbox 424 4391 579 4468; x_wconf 62' lang='grc' dir='ltr'><strong><em>Ιαίιτῷλί</em></strong></span> <span class='ocrx_word' id='word_1_395' title='bbox 612 4396 616 4463; x_wconf 95' lang='grc' dir='ltr'>Ι</span> <span class='ocrx_word' id='word_1_396' title='bbox 649 4386 799 4465; x_wconf 78' lang='grc' dir='ltr'><strong><em>2έτερον]</em></strong></span> <span class='ocrx_word' id='word_1_397' title='bbox 817 4399 849 4457; x_wconf 69' lang='grc' dir='ltr'><strong><em>-ί-</em></strong></span> <span class='ocrx_word' id='word_1_398' title='bbox 869 4390 885 4460; x_wconf 81' lang='lat'><strong><em>5</em></strong></span> <span class='ocrx_word' id='word_1_399' title='bbox 903 4391 1012 4463; x_wconf 75' lang='grc' dir='ltr'><strong><em>λδγον2</em></strong></span> <span class='ocrx_word' id='word_1_400' title='bbox 1030 4394 1077 4449; x_wconf 87' lang='lat' dir='ltr'><strong><em>Mo</em></strong></span> <span class='ocrx_word' id='word_1_401' title='bbox 1108 4395 1113 4461; x_wconf 92' lang='grc' dir='ltr'>Ι</span> <span class='ocrx_word' id='word_1_402' title='bbox 1144 4392 1164 4448; x_wconf 82' lang='lat'>4</span> <span class='ocrx_word' id='word_1_403' title='bbox 1190 4390 1330 4462; x_wconf 79' lang='grc' dir='ltr'><strong><em>ὀνομάζοι</em></strong></span> <span class='ocrx_word' id='word_1_404' title='bbox 1350 4391 1386 4459; x_wconf 89' lang='lat' dir='ltr'><strong><em>V,</em></strong></span> <span class='ocrx_word' id='word_1_405' title='bbox 1412 4410 1481 4448; x_wconf 82' lang='lat' dir='ltr'><strong>corr.</strong></span> <span class='ocrx_word' id='word_1_406' title='bbox 1500 4393 1537 4447; x_wconf 84' lang='lat' dir='ltr'><strong><em>Kl</em></strong></span> <span class='ocrx_word' id='word_1_407' title='bbox 1567 4394 1573 4460; x_wconf 90' lang='grc' dir='ltr'>Ι</span> <span class='ocrx_word' id='word_1_408' title='bbox 1605 4390 1638 4445; x_wconf 85' lang='lat'><strong><em>11</em></strong></span> 
     </span>
     <span class='ocr_line' id='line_1_38' title="bbox 335 4491 1641 4565; baseline -0.005 -15"><span class='ocrx_word' id='word_1_409' title='bbox 335 4513 409 4564; x_wconf 86' lang='grc' dir='ltr'><strong><em>φημι</em></strong></span> <span class='ocrx_word' id='word_1_410' title='bbox 425 4496 484 4563; x_wconf 84' lang='grc' dir='ltr'><strong><em>καί]</em></strong></span> <span class='ocrx_word' id='word_1_411' title='bbox 504 4492 633 4564; x_wconf 79' lang='grc' dir='ltr'><strong><em>σύμφημι</em></strong></span> <span class='ocrx_word' id='word_1_412' title='bbox 655 4491 738 4565; x_wconf 83' lang='grc' dir='ltr'><strong><em>καγὼ</em></strong></span> <span class='ocrx_word' id='word_1_413' title='bbox 755 4495 802 4549; x_wconf 82' lang='lat' dir='ltr'><strong><em>Mo</em></strong></span> <span class='ocrx_word' id='word_1_414' title='bbox 835 4497 839 4561; x_wconf 92' lang='grc' dir='ltr'>Ι</span> <span class='ocrx_word' id='word_1_415' title='bbox 873 4494 913 4550; x_wconf 82' lang='grc'><strong><em>22</em></strong></span> <span class='ocrx_word' id='word_1_416' title='bbox 931 4491 1051 4563; x_wconf 82' lang='grc' dir='ltr'><strong><em>εἰδῶμεν</em></strong></span> <span class='ocrx_word' id='word_1_417' title='bbox 1068 4496 1106 4548; x_wconf 83' lang='lat' dir='ltr'><strong><em>V²</em></strong></span> <span class='ocrx_word' id='word_1_418' title='bbox 1128 4495 1133 4563; x_wconf 89' lang='grc' dir='ltr'>Ι</span> <span class='ocrx_word' id='word_1_419' title='bbox 1157 4496 1197 4551; x_wconf 79' lang='grc'><strong><em>80</em></strong></span> <span class='ocrx_word' id='word_1_420' title='bbox 1217 4492 1369 4563; x_wconf 83' lang='grc' dir='ltr'><strong><em>ἀκούωμεν</em></strong></span> <span class='ocrx_word' id='word_1_421' title='bbox 1387 4494 1441 4550; x_wconf 75' lang='lat' dir='ltr'><strong><em>We</em></strong></span> <span class='ocrx_word' id='word_1_422' title='bbox 1458 4492 1641 4563; x_wconf 73' lang='lat' dir='ltr'><strong>(mitKomma</strong></span> 
     </span>
     <span class='ocr_line' id='line_1_39' title="bbox 336 4591 1292 4668; baseline 0.003 -19"><span class='ocrx_word' id='word_1_423' title='bbox 336 4613 386 4652; x_wconf 87' lang='lat' dir='ltr'><strong><em>vor</em></strong></span> <span class='ocrx_word' id='word_1_424' title='bbox 402 4596 461 4661; x_wconf 85' lang='grc' dir='ltr'><strong><em>καί)</em></strong></span> <span class='ocrx_word' id='word_1_425' title='bbox 495 4596 499 4653; x_wconf 86' lang='grc' dir='ltr'>Ι</span> <span class='ocrx_word' id='word_1_426' title='bbox 533 4595 572 4651; x_wconf 89' lang='grc'><strong><em>82</em></strong></span> <span class='ocrx_word' id='word_1_427' title='bbox 600 4596 709 4668; x_wconf 84' lang='grc' dir='ltr'><strong><em>πατρὸς</em></strong></span> <span class='ocrx_word' id='word_1_428' title='bbox 727 4596 765 4650; x_wconf 86' lang='lat' dir='ltr'><strong><em>V²</em></strong></span> <span class='ocrx_word' id='word_1_429' title='bbox 782 4592 885 4667; x_wconf 84' lang='grc' dir='ltr'><strong><em>ἀνδρὸς</em></strong></span> <span class='ocrx_word' id='word_1_430' title='bbox 903 4596 943 4650; x_wconf 80' lang='lat' dir='ltr'><strong><em>V*</em></strong></span> <span class='ocrx_word' id='word_1_431' title='bbox 977 4598 981 4663; x_wconf 91' lang='grc' dir='ltr'>Ι</span> <span class='ocrx_word' id='word_1_432' title='bbox 1014 4591 1246 4665; x_wconf 85' lang='grc' dir='ltr'><strong><em>ἀφωμοιάιμενον</em></strong></span> <span class='ocrx_word' id='word_1_433' title='bbox 1263 4614 1292 4652; x_wconf 89' lang='lat' dir='ltr'><strong>m</strong></span> 
     </span>
    </p>
   </div>
   <div class='ocr_carea' id='block_1_7' title="bbox 0 0 1857 5510">
    <p class='ocr_par' dir='ltr' id='par_1_8' title="bbox 0 0 1857 5510">
     <span class='ocr_line' id='line_1_40' title="bbox 0 0 1857 5510; baseline 0 0"><span class='ocrx_word' id='word_1_434' title='bbox 0 0 1857 5510; x_wconf 95' lang='lat' dir='ltr'><strong><em> </em></strong></span> 
     </span>
    </p>
   </div>
  </div>
 </body>
</html>
