3698 5510
314 501 372 560 124
906 490 1041 547 Eusebius

373 657 442 741 (Nr.
464 662 516 740 68)
548 661 583 723 τί
609 645 686 738 σάν,·
716 660 745 725 εί
774 653 818 744 μή
846 658 897 743 τῷ
923 652 1087 744 πνεύματι
1112 659 1338 743 προσέχοντες
1359 648 1497 741 δυνάμει
1518 646 1623 722 άδιαί·

373 781 475 843 ρετον
511 752 576 843 τήν
611 749 744 845 μονάδα
780 755 865 827 εἶναι
900 762 1105 844 νομίζοιμεν,
1147 744 1212 843 ἆρα
1247 749 1309 841 ούχ
1344 747 1622 842 ἁμαρτησόμεθα,

373 859 493 940 σαφῶς
515 859 578 926 τοῦ
600 852 706 942 λόγου
728 849 950 938 διδάσκοντος
971 850 1057 945 ἡμᾶς
1081 852 1217 943 »κύριον
1240 851 1303 924 τόν
1327 848 1414 923 θεόν
1434 873 1496 923 σου
1516 874 1620 940 προσ·

372 951 526 1044 κυνήσεις
556 960 612 1026 καὶ
642 952 738 1044 αύτῷ
768 951 865 1044 μόνῳ
888 952 1107 1042 λατρεύσειςι.
1150 952 1192 1024 τὸ
1219 949 1305 1025 αύτό
1327 957 1363 1023 δὲ
1392 959 1450 1023 καὶ
1479 949 1534 1022 διὰ
1556 956 1656 1024 τοῦδ

371 1052 459 1124 κατὰ
481 1059 625 1141 Μᾶρκον
648 1049 856 1143 λίύαγγελίου
880 1053 1054 1145 κηρύττει·
1090 1052 1166 1136 ἑνός
1188 1050 1252 1141 γάρ
1278 1080 1373 1135 τινος
1399 1056 1622 1141 γραμματέως

371 1150 630 1242 προσελθόντος
652 1150 746 1242 αύτῷ
768 1162 824 1227 καί
845 1160 1119 1246 πυνθανομένου,
1142 1160 1194 1236 τίς
1213 1154 1263 1243 είη
1284 1151 1406 1241 πρώτη
1429 1156 1503 1221 τῶν
1523 1153 1621 1223 ἐντο·

373 1258 460 1336 λῶν,
490 1253 698 1342 ἀπεκρίνατο
729 1254 816 1345 πρὸς
845 1251 954 1327 αύτὸν
984 1250 1097 1336 ούτως
1127 1253 1236 1324 είπών
1268 1249 1435 1324 »πόντων
1463 1256 1621 1338 πρῶτον·

372 1349 483 1436 ἄκουε,
505 1349 647 1443 Ἰσραήλ,
677 1351 794 1442 κύριος
815 1348 835 1427 ὁ
858 1356 938 1438 θεὸς
959 1350 1058 1445 ἡμῶν
1079 1350 1195 1442 κύριος
1215 1350 1264 1436 είς
1283 1356 1391 1437 ἐστιν,
1413 1356 1469 1423 καὶ
1491 1346 1621 1439 άγαπή·

372 1476 439 1534 σεις
459 1450 580 1541 κύριον
600 1452 663 1525 τὸν
685 1450 771 1526 θεόν
792 1476 853 1525 σου
875 1456 909 1540 ἐξ
932 1446 1013 1544 ὅλης
1036 1458 1097 1543 τῆς
1116 1457 1225 1542 ψυχῆς
1246 1474 1308 1524 σου
1328 1457 1384 1523 καὶ
1399 1455 1435 1538 ἐξ
1457 1442 1540 1537 όλης
1558 1453 1621 1538 τῆς

370 1549 483 1640 ίσγύος
505 1576 575 1625 σου,
605 1559 660 1627 71¹
696 1546 782 1642 αύτη
796 1553 931 1642 πρώτη·
952 1559 1008 1625 καί
1024 1559 1164 1641 δευτέρα
1179 1547 1279 1642 ὁμοία
1293 1548 1415 1638 ταύτη·
1437 1545 1620 1639 ἀγαπήσεις

370 1650 435 1723 τόν
455 1658 604 1741 πλησίον
629 1675 691 1723 σου
716 1648 764 1735 οός
791 1649 943 1725 σεαυτόν.
985 1658 1113 1741 μείζων
1139 1651 1279 1724 τούτων
1300 1650 1387 1741 άλλη
1408 1649 1534 1740 ἐντολὴ
1555 1644 1654 1719 ούκλ

371 1751 471 1821 ἔστιν.
513 1758 570 1822 καὶ
592 1752 685 1823 εἶπεν
707 1749 802 1842 αύτῷ
825 1747 845 1824 ό
867 1750 1090 1843 γραμματεύς·
1111 1760 1235 1836 καλῶς,
1258 1747 1447 1835 διδάσκαλε,
1468 1746 1521 1822 ἐπ’
1537 1746 1619 1836 άλη-

370 1855 466 1933 θείας
495 1852 591 1934 είπας
622 1846 677 1923 ότι
708 1852 755 1934 είς
784 1857 877 1924 ἐστιν
907 1848 926 1924 ό
958 1849 1040 1935 θεὸς
1068 1859 1125 1923 καὶ
1155 1848 1218 1923 ούκ
1247 1854 1340 1923 ἔστιν
1364 1848 1458 1939 πλὴν
1483 1844 1620 1920 αύτοῦτ.

371 1944 445 2019 ἀλλ’
469 1945 488 2021 ὁ
513 1956 575 2038 μὲν
601 1952 813 2042 γραμματεύς
842 1951 898 2024 διὰ
928 1958 991 2024 τοῦ
1021 1948 1128 2041 νόμου
1157 1952 1223 2043 τήν
1252 1957 1447 2035 θεοσέβειαν
1468 1956 1655 2038 μεμαθηθ

369 2054 464 2120 κέναι
494 2056 624 2134 δοκῶν,
654 2055 805 2125 ἐπαινῶν
835 2052 876 2123 τὸ
907 2058 971 2124 τοῦ
991 2058 1147 2142 σωτῆρος
1177 2050 1285 2141 ῥητόν
1307 2055 1463 2138 φαίνεται
1489 2047 1619 2129 νάκουε,

369 2143 527 2238 Ἰσραήλι,
550 2157 712 2239 λέγοντος
737 2150 869 2241 »κύριος
891 2146 911 2223 ό
933 2149 1014 2235 θεός
1029 2174 1091 2224 σου
1111 2151 1157 2234 είς
1178 2157 1289 2223 ἐστινι
1313 2158 1371 2222 καί
1392 2142 1484 2238 ὅρκῳ
1506 2154 1621 2228 καλῶς

371 2252 526 2337 εἰρῆσθαι
547 2248 784 2339 πιστούμενος·
825 2246 894 2322 »ἐπ’
922 2247 1100 2340 ἀληθείας(
1134 2248 1196 2341 γάρ
1223 2272 1325 2340 φησιν
1354 2249 1468 2330 »είπας
1496 2239 1550 2318 ότι
1573 2246 1620 2329 είς

370 2349 463 2418 ἐστιν
484 2343 504 2419 ό
526 2349 608 2433 θεὸς
628 2357 685 2423 καὶ
712 2348 774 2423 ούκ
800 2352 892 2422 ἔστιν
922 2349 1026 2435 ἄλλος
1054 2351 1147 2441 πλήν
1177 2345 1313 2421 αύτσῦι.
1355 2349 1388 2420 οἱ
1418 2352 1454 2418 δὲ
1484 2345 1527 2417 τά
1557 2350 1620 2432 τῆς

371 2451 448 2530 νέας
478 2446 646 2539 διαθήκης
666 2446 851 2539 αύχοῦντες
872 2453 995 2522 είδὲναι
1020 2448 1199 2540 μυστήρια,
1222 2442 1320 2523 οὗτοι
1339 2456 1397 2520 καί
1425 2445 1619 2534 δεύτερον

257 2558 291 2616 20
370 2541 602 2620 άναπλάττειν
617 2548 716 2621 θεόν
730 2549 915 2636 βούλονται
936 2546 1155 2622 ύποστάσει
1176 2557 1241 2621 καὶ
1263 2543 1428 2637 δυνάμει
1449 2541 1619 2635 χωριζό·

369 2673 491 2733 μενον
513 2654 585 2719 τού
602 2647 765 2738 πατρός.
797 2655 802 2735 1
1639 2661 1700 2718 182

307 2743 445 2829 τούτοις
466 2756 692 2838 προστίθησιν
713 2746 976 2836 κατασκευάζων
1007 2742 1062 2820 ότι
1089 2748 1136 2832 είς
1157 2751 1249 2820 ἐστιν
1271 2742 1291 2820 6
1312 2745 1395 2830 θεὸς
1416 2751 1472 2816 καί
1495 2737 1549 2816 ὅτι
1571 2741 1617 2834 μή
1635 2765 1652 2820 9

306 2847 400 2917 ίστιν
420 2845 493 2929 υίὸς
515 2846 570 2918 διά
592 2845 729 2919 τούτων

369 2951 438 3035 (Ντ.
460 2954 514 3032 68)
537 2940 592 3018 ότι
615 2950 650 3017 δὲ
671 2947 736 3037 τήν
755 2944 887 3037 μονάδα
912 2946 1031 3036 κύριον
1056 2953 1111 3018 καί
1132 2946 1217 3018 θεὸν
1244 2948 1335 3019 οίδεν
1356 2957 1475 3018 καλείν
1496 2940 1517 3036 ἡ
1539 2952 1618 3017 θεία

255 3056 289 3111 25
370 3043 493 3136 γραφή,
514 3041 578 3135 ήδη
600 3053 656 3118 καί
678 3051 715 3118 ἐκ
737 3053 811 3118 τῶν
832 3053 1088 3137 προειρημένων
1110 3052 1216 3135 δῆλον
1230 3051 1378 3135 γέγονεν,
1400 3040 1442 3116 δι’
1466 3036 1517 3115 ὦν
1531 3043 1620 3132 πρὸς

369 3144 433 3216 τὸν
447 3146 571 3216 ἑαυτοῦ
585 3144 785 3234 θεράποντα
800 3153 926 3219 Μωσέα
949 3142 968 3218 ὁ
990 3146 1072 3230 θεὸς
1094 3150 1159 3235 ἔφη
1185 3146 1298 3216 »εἶπεν
1317 3150 1353 3216 δὲ
1375 3138 1395 3215 δ
1417 3142 1499 3227 θεὸς
1513 3141 1621 3216 πάλιν

368 3244 455 3333 πρὸς
476 3250 614 3317 Μωσία·
644 3239 758 3330 ούτως
779 3250 864 3335 ἐρεῖς
886 3265 958 3330 τοῖς
979 3249 1063 3329 υίοις
1084 3242 1224 3335 Ἰσραήλ·
1259 3242 1375 3334 κύριος
1398 3238 1418 3316 ό
1441 3242 1522 3326 θεὸς
1544 3249 1620 3314 τῶν

367 3351 528 3433 πατέρων
557 3340 669 3433 ύμῶν,
701 3339 720 3417 ό
751 3345 833 3428 θεὸς
863 3342 1005 3435 Ἁβραάμ
1036 3352 1092 3417 καὶ
1125 3340 1145 3415 ό
1175 3342 1258 3428 θεὸς
1277 3339 1385 3415 Ἰσαάκ
1410 3350 1466 3414 καὶ
1493 3338 1512 3414 ό
1535 3345 1620 3427 θεὸς

366 3441 490 3528 Ἰακώβ,
513 3439 723 3517 άπέσταλκέν
743 3473 783 3534 με
803 3444 890 3533 πρὸς
910 3442 1024 3535 ύμᾶςι.
1060 3440 1142 3536 ὁρᾷς
1164 3437 1261 3529 ὅπως
1275 3447 1313 3515 ἓν
1335 3442 1523 3527 ἐπιδεικνύς
1537 3439 1618 3532 ήμιν

367 3548 521 3615 ἐνταῦθα
542 3539 731 3632 πρόσωπον
752 3544 794 3617 τὸ
816 3541 900 3616 αύτό
922 3543 1041 3633 κύριον
1055 3552 1111 3617 καὶ
1132 3543 1218 3616 θεὸν
1232 3540 1481 3633 προσαγορεύει
1517 3535 1617 3626 αύθίς
1638 3573 1673 3627 10

368 3672 405 3714 τε
428 3638 553 3731 ὁμοίως
578 3640 599 3735 ή
626 3644 739 3735 γραφὴ
770 3650 857 3734 λέγει
888 3652 961 3716 »καὶ
983 3641 1144 3734 ἐλάλησεν
1166 3642 1282 3733 κύριος
1301 3640 1436 3726 πάντας
1457 3641 1539 3726 τούς
1561 3639 1618 3714 λό-

366 3770 446 3833 γους
467 3741 612 3826 τούτους
634 3748 759 3831 λέγων·
793 3745 861 3832 6γώ
892 3743 1007 3832 κύριος
1029 3739 1048 3814 δ
1071 3740 1153 3825 θεός
1174 3765 1250 3829 σου,
1277 3736 1297 3814 ό
1323 3741 1498 3831 ἐξαγαγών
1518 3765 1555 3815 σε
1578 3747 1618 3815 ἐκ

368 3849 428 3932 γῆς
451 3842 641 3932 Αἰγύπτου,
673 3846 708 3928 ἐξ
738 3847 835 3915 οίκου
860 3848 1022 3926 δουλείας.
1065 3840 1128 3917 ούκ
1157 3845 1294 3915 ἔσονταί
1319 3865 1374 3913 σοι
1400 3850 1478 3914 θεοὶ
1504 3843 1617 3931 ἕτεροι

390 4063 526 4120 matth.
543 4067 568 4127 4,
587 4063 627 4119 16.
650 4061 718 4117 Luk.
736 4065 761 4129 4,
779 4063 847 4118 6-
865 4064 917 4121 511
931 4062 1018 4118 Mark.
1038 4066 1078 4127 12,
1090 4063 1131 4118 28.
1149 4064 1184 4120 29
1201 4093 1235 4105 —
1254 4064 1269 4119 λ
1291 4062 1380 4119 Mark.
1399 4065 1440 4128 12,
1457 4063 1560 4120 29-32
1582 4095 1618 4105 -

306 4166 344 4223 15
362 4164 449 4220 Mark.
469 4167 510 4233 12,
522 4166 556 4221 29
574 4194 609 4205 -
627 4165 663 4221 17
683 4164 772 4219 Mark.
791 4166 831 4233 12,
850 4165 883 4220 32
901 4195 934 4205 -
952 4166 991 4223 26
1010 4163 1061 4220 Ex.
1078 4167 1103 4232 3,
1122 4168 1155 4219 15
1172 4195 1207 4206 -
1224 4165 1262 4221 61
1282 4165 1331 4220 En
1350 4166 1391 4231 20,
1410 4168 1478 4221 1—3

390 4366 406 4421 l
430 4364 480 4436 μή]
497 4364 550 4434 μὲν
567 4377 610 4419 mr
638 4365 642 4432 Ι
675 4365 693 4422 6
720 4359 801 4433 ὑμῶν
819 4364 859 4419 V²
889 4366 894 4432 Ι
926 4368 945 4421 θ
972 4359 1061 4434 ὅληςί]
1082 4372 1114 4430 -ί-
1132 4376 1181 4435 τῆς
1202 4367 1320 4439 καρδίας
1341 4382 1393 4422 σου
1418 4368 1469 4423 καί
1494 4361 1616 4437 ἐξδλης

303 4465 351 4521 ΝΤ
376 4467 381 4533 Ι
413 4461 502 4536 δληςῖ]
515 4472 548 4530 -Ι-
564 4471 613 4534 τῆς
630 4466 758 4530 διανοίας
775 4482 827 4522 σου
843 4469 893 4522 καί
910 4464 941 4533 ἐξ
958 4462 1026 4536 ὅλης
1042 4466 1089 4521 ΝΤ
1106 4469 1151 4536 (<
1168 4466 1219 4523 DH
1235 4469 1313 4537 m.)
1345 4471 1351 4536 Ι
1384 4468 1421 4523 11
1445 4463 1548 4524 ἑαυτὸν
1565 4466 1615 4531 V*‚

304 4585 372 4623 corr.
391 4567 429 4620 V²
454 4570 458 4633 Ι
487 4568 523 4623 16
540 4565 631 4636 λέγων
649 4566 682 4633 V,
700 4583 768 4621 corr.
782 4567 820 4622 Kl
851 4569 856 4636 Ι
892 4569 928 4623 17
947 4567 1140 4638 πιστούμενος
1157 4587 1170 4622 t
1187 4570 1283 4641 ngS.
1301 4569 1414 4635 136,11.
1432 4569 1466 4625 26
1486 4569 1616 4626 πισττνδ·

302 4685 390 4735 μενος
399 4667 423 4721 V
447 4669 452 4735 1
486 4669 524 4724 26
542 4661 622 4724 εἶπεν
639 4665 669 4724 δὲ
686 4669 710 4721 V
727 4686 754 4724 u.
772 4668 889 4722 Luciam
905 4669 978 4725 LXX
995 4673 1044 4727 καί
1061 4665 1141 4728 εἶπεν
1159 4670 1233 4725 Lxx
