3674 5506
566 527 601 583 (1ο
618 527 803 583 ecclesiastica
819 528 962 598 theologia
978 528 1017 581 III
1037 530 1077 583 17.
1422 538 1478 597 177

166 690 231 780 τήν
252 700 424 774 βασιλείαν
447 694 595 774 ἔσεσθαι,
627 688 715 762 ἀλλὰ
745 697 808 763 τοῦ
835 695 911 761 υίοῦ
938 696 1002 765 τοῦ
1023 685 1217 778 ἀνθρώπου
1235 699 1438 781 παρίστησιν
1459 689 1478 763 ὁ

164 787 356 879 προφήτης,
381 787 499 879 ἕτερόν
520 818 558 862 τε
578 791 672 880 παρὰ
694 790 758 862 τόν
778 789 927 863 παλαιὸν
941 797 1015 863 τῶν
1036 786 1173 881 ἡμεροῦν
1192 798 1311 878 σαφῶς
1334 789 1479 864 διδάσκει

167 888 230 960 τὸν
251 888 327 960 υίόν
349 891 435 962 εἶναι
465 896 528 962 τοῦ
558 886 750 978 ἀνθρώπου
779 889 844 961 τόν
874 888 939 980 τήν
971 889 1154 979 ἄφθαρτον
1184 898 1356 974 βασιλείαν
1385 891 1478 980 παρὰ

166 996 229 1060 τοῦ
251 995 400 1062 παλαιοῦ
422 997 496 1062 τῶν
517 986 667 1079 ἡμεροῦν,
698 989 826 1080 δηλαδή
854 988 946 1077 παρὰ
969 995 1031 1064 τοῦ
1053 986 1159 1061 αὑτοῦ
1179 986 1324 1079 πατρός,
1357 986 1477 1064 ὑποδε-

132 1087 319 1176 5ξάμενον.
362 1086 448 1160 ἀλλά
476 1087 676 1178 Μάρκελλος
707 1091 767 1161 ἕνα
796 1097 852 1161 καὶ
883 1087 948 1160 τόν
979 1085 1085 1161 αὑτὸν
1114 1089 1200 1161 εἶναι
1231 1083 1391 1177 ὁρίζεται,
1421 1100 1511 1164 καίθ

166 1193 246 1277 μίαν
268 1184 454 1260 ὑπόστασιν
475 1195 572 1261 δυσὶν
594 1184 756 1275 όνόμασιν
776 1186 1014 1279 ὑποκειμένην·
1050 1192 1100 1260 ἔτι
1129 1189 1197 1279 μὴν
1222 1199 1279 1260 καὶ
1305 1190 1371 1281 τὴν
1389 1202 1477 1277 βασι·

167 1297 261 1359 λείαν
282 1285 390 1360 αὑτοῦ
410 1286 631 1378 περιγράφειν
653 1295 762 1379 τολμᾷ
788 1296 843 1360 καί
871 1296 969 1371 τέλος
1000 1291 1136 1360 ἐσεσθαι
1167 1295 1228 1380 τῆς
1250 1296 1401 1379 Χριστοῦ
1421 1299 1477 1375 βα·

167 1396 292 1470 σιλείας
314 1383 463 1471 ἀναιδῶς
490 1382 604 1470 οὑτως
629 1385 858 1475 ἀποφαίνεται
878 1389 963 1477 μετὰ
992 1388 1058 1461 τὸν
1088 1395 1149 1479 τῆς
1178 1396 1321 1479 κρίσεως
1350 1387 1478 1477 καιρόν,

167 1493 295 1558 τοῦτον
317 1484 462 1575 γράφων
485 1486 547 1559 τὸν
568 1485 703 1577 τρόπον

119 1602 151 1655 10
230 1591 298 1673 (Nr.
318 1596 388 1674 101)
418 1593 578 1677 μέγιστον
608 1583 686 1676 ήμίν
711 1586 897 1678 μυστήριον
923 1592 1074 1660 ἐνταῦθα
1096 1583 1116 1660 ά
1139 1585 1332 1672 ἀπόστολος
1354 1587 1477 1662 ἀνακα·

230 1685 359 1771 λῦπτει,
382 1693 481 1769 τέλος
496 1692 588 1775 (μὲν)
605 1690 739 1758 ἔσεσθαι
755 1685 900 1775 φάσκων
921 1694 983 1778 τῆς
1005 1694 1156 1776 Χριστοῦ
1176 1695 1355 1773 βασιλείας·
1378 1698 1475 1774 τέλος
1495 1709 1509 1760 7

231 1790 266 1857 δέ
289 1781 380 1871 τότε,
403 1779 490 1858 όταν
510 1784 627 1857 πάντα
648 1784 805 1875 ὑποταγῇ
826 1785 894 1858 ὑπὸ
916 1787 998 1870 τοῦς
1018 1784 1127 1872 πόδας
1148 1785 1262 1860 αὑτοῦ.

170 1891 225 1956 καί
247 1882 502 1975 έπεξεργάζεται
524 1884 589 1956 τὸν
611 1884 715 1976 λόγον
738 1878 807 1958 ιὺδέ
826 1916 875 1977 πη
898 1892 1009 1976 λέγων

231 1988 299 2069 (Nr.
325 1991 396 2071 102)
428 1989 555 2073 ἔφαμεν
575 1989 614 2056 ἐν
635 2004 709 2068 τοῖς
730 1983 941 2074 προάγουσιν
962 1983 1061 2076 ἡμῶν
1082 1988 1199 2076 ῥητοῖς
1222 1986 1286 2059 τὸν
1308 1985 1479 2077 δεσπότην

122 2098 152 2150 15
232 2081 329 2175 ἡμῶν
350 2083 413 2155 τόν
428 2083 579 2174 Χριστόν
594 2081 700 2174 ἀρχὴν
722 2090 895 2174 ἐσχηκέναι
916 2094 1092 2172 βασιλείας,
1115 2091 1152 2159 ἐκ
1174 2093 1249 2158 τῶν
1270 2095 1381 2159 θείων
1402 2115 1479 2178 γρα·

231 2191 310 2270 φιῦν
333 2181 545 2271 ἀποδείξεσιν
564 2184 743 2274 χρώμενοι.

169 2290 225 2354 καί
246 2287 390 2373 ἐπιλέγει

231 2386 299 2467 (Nr.
326 2392 394 2469 102)
416 2390 472 2454 καὶ
494 2377 585 2466 όλως
606 2391 736 2471 μυρίων
758 2384 876 2473 ῥητῶν
897 2381 984 2472 πρὸς
1010 2393 1196 2473 μαρτυρίαν
1223 2388 1316 2457 ἐστιν
1338 2382 1479 2474 εῦπσρή-

231 2506 338 2553 σαντα
360 2488 476 2570 δείξαι,
508 2478 563 2554 ότι
594 2479 699 2571 ἀρχὴν
729 2491 896 2567 βασιλείας
924 2488 1062 2571 είληφεν
1088 2478 1107 2554 ό
1130 2484 1319 2572 άνθρωπος
1342 2485 1396 2556 διά
1418 2490 1481 2556 τοῦ

232 2581 347 2671 λόγου.
367 2589 371 2665 Ι
392 2587 421 2652 εί
443 2575 505 2654 οῦν
529 2586 668 2671 είληφεν
690 2576 795 2670 ἀρχὴν
816 2588 984 2665 βασιλείας
1004 2581 1072 2672 πρὸ
1094 2585 1185 2654 ἐτῶν
1207 2578 1302 2657 ὅλων
1325 2581 1366 2657 οῦ
1387 2596 1479 2656 πλει-
1496 2596 1533 2664 81
1550 2597 1609 2652 100

230 2678 325 2752 όνων
359 2677 459 2769 90¹3}
489 2687 737 2770 τετρακοσίων,
769 2677 869 2753 οῦδὲν
898 2681 1094 2769 παράδοξον
1126 2687 1155 2753 εί
1184 2682 1250 2755 τὸν
1275 2682 1343 2771 πρό
1366 2678 1479 2767 οὑτως

231 2776 349 2870 όλίγου
369 2778 496 2869 χρόνου
517 2787 578 2870 τῆς
599 2788 766 2864 βασιλείας
788 2779 913 2869 ταύτης
935 2777 1084 2869 τυχόντα
1114 2778 1133 2852 ὁ
1160 2778 1354 2864 ἀπόστολός
1376 2806 1479 2873 φησιν

231 2880 447 2968 παραδώσειν
469 2880 533 2970 τὴν
554 2888 726 2965 βασιλείαν
748 2886 800 2969 τῷ
823 2887 904 2969 θεῷ.

168 2988 223 3051 καὶ
245 2988 472 3069 προστίθησιν
494 2976 570 3070 μεθ’
593 2979 692 3067 ἕτερα
714 2984 825 3068 λέγων
1494 3002 1511 3054 9

120 3095 151 3149 25
231 3084 299 3165 (Nr.
317 3088 389 3165 103)
412 3089 446 3151 τί
468 3089 587 3151 τοίνυν
609 3077 831 3168 μανθάνομεν
852 3086 929 3169 περί
951 3086 1012 3170 τῆς
1035 3076 1260 3170 ἀνθρωπίνης
1282 3077 1413 3170 σαρκός,
1437 3076 1480 3169 ἣν

230 3175 271 3251 δι’
296 3175 381 3268 ἡμᾶς
402 3176 618 3268 <άν>είληφεν
649 3175 668 3250 ὁ
700 3174 800 3268 λόγος
827 3178 895 3268 πρὸ
918 3188 1151 3266 τετρακοσίων
1172 3177 1233 3269 οὑχ
1255 3174 1351 3252 ὅλων
1373 3184 1480 3264 ἐτῶν,·

229 3275 381 3365 πότερόν
401 3308 489 3350 ποτε
516 3276 650 3368 ταύτην
671 3287 726 3349 καί
748 3284 786 3350 ἐν
808 3297 880 3360 τοῖς
901 3285 1085 3367 μέλλουσιν
1098 3285 1218 3352 αίιῦσιν
1240 3275 1259 3351 ό
1282 3276 1383 3369 λόγος
1406 3279 1479 3367 ἕξει,

231 3375 252 3467 ἢ
275 3378 350 3466 ἄχρι
370 3375 479 3468 μόνου
501 3384 565 3451 τοῦ
586 3385 647 3466 τῆς
669 3386 812 3466 κρίσεως
833 3384 967 3465 καιροῦ·

169 3475 369 3565 Μάρκελλος
390 3483 452 3567 μὲν
474 3469 536 3547 οὑν
558 3483 701 3548 τοιαῦτα
722 3482 832 3565 λέγειν
853 3475 993 3567 ἐτόλμα·
1029 3482 1062 3550 οί
1084 3485 1122 3550 δέ
1141 3506 1178 3568 γε
1205 3484 1269 3549 τοῦ
1291 3486 1376 3550 θεοῦ
1396 3509 1480 3568 προ·

120 3592 152 3646 30
169 3584 275 3667 φῆται
299 3573 529 3665 ἀτελεύτητον
551 3583 614 3646 τοῦ
637 3581 788 3664 Χριστοῦ
814 3575 880 3666 τήν
905 3583 1077 3659 βασιλείαν
1098 3573 1291 3668 ὁριζόμενοι
1311 3579 1396 3669 μετὰ
1418 3577 1482 3649 τὸν

168 3682 230 3765 τής
244 3684 385 3765 κρίσεως
400 3674 519 3763 καιρὸν
534 3681 596 3746 τοῦ
611 3681 689 3745 νέου
704 3680 829 3757 αἰῶνος
852 3675 917 3765 τὴν
939 3673 1045 3765 ἀρχήν
1066 3683 1239 3764 καθέξειν
1246 3675 1354 3751 αὑτόν
1370 3702 1481 3765 φασιν.

169 3786 233 3850 θέα
255 3777 319 3865 γάρ
341 3773 390 3859 ιὺς
412 3770 431 3847 ὑ
452 3773 634 3864 προφήτης
648 3770 794 3863 Ἐζεκιήλ
814 3773 992 3864 κριτήριον
1007 3782 1082 3846 τῶν
1102 3783 1166 3848 τοῦ
1187 3785 1273 3850 θεοῦ
1293 3776 1483 3866 προβάτων

168 3873 382 3965 ὑποθέμενος
411 3874 495 3963 μετά
527 3874 592 3962 τὴν
621 3873 759 3947 τούτων
787 3882 898 3962 κρίσιν
928 3874 992 3946 τὸν
1023 3880 1127 3946 Δαυίδ
1158 3874 1273 3961 αὑτοῖς
1304 3883 1481 3968 ἐφίστησιν

168 3982 314 4063 ποιμένα
335 3981 390 4045 καί
413 3972 476 4045 τὸν
497 3971 604 4045 αὑτὸν
619 3972 770 4061 ἄρχοντα
787 3969 905 4044 αὑτῶν
920 3977 1055 4045 ἔσεσθαι
1071 3981 1231 4063 θεσπίζει.
1268 3972 1338 4050 ὑδέ
1355 3977 1479 4068 Δανιὴλ
1499 3992 1531 4045 10

121 4088 152 4143 35
169 4075 348 4162 προειπών
370 4072 564 4161 »ἐθεώρουν
581 4074 645 4156 ἕως
660 4066 744 4145 ὅτου
760 4069 883 4161 θρόνοι
898 4076 1076 4162 ἐτέθησαν,
1098 4084 1154 4146 καὶ
1174 4075 1321 4160 παλαιὸς
1343 4072 1480 4168 ήμεριῦν

254 4293 436 4364 5103110.
456 4296 496 4350 0.).
516 4296 548 4348 ῦῦ
575 4322 608 4333 -
636 4294 674 4349 14
703 4294 758 4363 vgl.
776 4294 823 4350 Nr.
842 4297 893 4350 100
918 4325 951 4333 -
979 4295 1050 4352 8211
1074 4296 1354 4366 ngS.176‚4-24
1381 4327 1414 4335 -
1441 4297 1479 4353 βό

169 4394 238 4449 Dan.
259 4397 282 4462 7,
301 4398 325 4453 0.
344 4397 378 4451 10
397 4391 428 4450 θ’

255 4598 292 4653 11
311 4594 365 4666 μὲν
382 4598 444 4652 and.
463 4598 501 4651 st.
534 4598 538 4662 Ι
573 4596 612 4652 28
630 4596 786 4667 βασιλείαν]
807 4598 986 4667 -Ι-δηλονότι
1004 4598 1122 4655 0111181.
1154 4601 1158 4667 Ι
1191 4600 1230 4655 2ss
1247 4596 1399 4669 ἀνείληφεν
1418 4599 1481 4653 and.

170 4698 207 4752 St.
239 4701 243 4766 Ι
277 4693 501 4766 θίίίξειῆῖίῖ
518 4692 591 4765 ἐξείη
610 4697 650 4749 V*
683 4698 688 4764 Ι
720 4697 756 4752 01
779 4694 866 4767 αὐτην
885 4700 917 4765 V,
936 4716 1003 4756 corr.
1022 4700 1096 4767 ΜοΙ
1129 4699 1168 4755 ⁸2
1188 4693 1306 4768 ίεζεκιήλ
1324 4700 1363 4753 V²

228 4784 348 4828 Eusebius
362 4785 402 4828 lv.
1246 4788 1278 4840 12
