3674 5506
597 459 632 514 de
646 459 831 515 ecelesiastica
847 459 990 529 5hoologia
1007 459 1046 513 III
1063 461 1087 515 3.
1441 466 1499 528 153

190 619 308 714 μηκέθ’
329 619 489 713 ύπερβάς,
522 629 571 712 τῷ
601 621 647 712 μή
673 627 877 712 δεδυνῆσθαι
902 625 1094 711 ἐξομαλίσαι
1121 619 1187 711 τῆν
1209 617 1418 694 ἀκολουθίαν
1438 626 1499 710 τῆς

190 720 417 814 ἀποδοθείσης
439 718 533 812 αύτῷ
556 729 631 811 περὶ
658 728 720 812 τῆς
750 719 873 812 σαρκὸς
903 728 966 794 τοῦ
993 726 1147 810 σωτῆρος
1177 718 1383 804 ὑποθέσεως.
1426 721 1499 791 άνω
1514 733 1549 787 42

191 824 253 911 γὰρ
274 829 329 893 καί
349 819 446 894 κάτω
467 828 529 912 τῆς
551 820 673 910 σαρκός
693 820 925 911 μνημονεύσας
945 828 1001 892 καί
1023 818 1139 892 πάντα
1161 827 1316 911 εἰρῆσθαι
1336 829 1413 911 περὶ
1436 827 1498 912 τῆς

191 920 313 1010 σαρκός
348 919 612 1012 ἀποφηνάμενος
658 928 663 1008 Ι
709 928 803 1011 μέχρι
836 927 898 1010 μέν
933 927 1007 992 τῶν
1040 915 1135 1009 δρῶν
1168 927 1224 993 καί
1260 929 1333 992 των
1363 930 1500 1008 βουνῶν
1520 932 1577 989 168

160 1027 341 1109 ὅέφθασεν
363 1022 444 1106 τούς
466 1017 680 1102 ἀποστόλους
703 1016 798 1111 ταῦτ’
821 1023 928 1092 είπών
950 1021 1049 1104 εἶναι,
1076 1019 1119 1091 τά
1146 1027 1183 1092 δέ
1203 1050 1240 1110 γε
1262 1020 1399 1106 τούτοις
1421 1019 1499 1093 ἀκό·

192 1133 303 1195 λουθα
325 1123 415 1193 ἑκών
436 1126 612 1208 παρέδωκε
634 1128 760 1209 σιωπῆ,
789 1127 907 1210 μηκέτι
929 1127 990 1212 τῆς
1012 1126 1144 1209 γραφῆς
1165 1128 1355 1210 περαιτέρω
1377 1132 1498 1211 προελ·

191 1233 267 1293 θεῖν
289 1219 469 1311 τολμήσας.
510 1225 662 1292 ἐνταῦθα
683 1225 744 1309 μὲν
767 1212 829 1292 οὖν
852 1223 984 1309 ἵστησιν
1006 1218 1069 1291 τόν
1092 1216 1208 1340 λόγον·
1244 1220 1330 1310 μετὰ
1355 1229 1498 1293 πλεῖστα
1514 1234 1549 1290 43

191 1315 268 1393 55⁰
248 1346 311 1393 οσα
335 1320 461 1411 μεταξύ
487 1315 581 1406 αύτῷ
608 1325 788 1410 λελεγμένα
816 1316 1000 1409 ἀφίσταται
1030 1326 1092 1408 μὲν
1122 1326 1183 1440 τῆς
1215 1324 1270 1392 ἐπὶ
1301 1319 1366 1411 τὴν
1394 1319 1500 1410 σάρκα

190 1426 343 1509 ἐκδοχῆς
367 1415 528 1508 ὁμολογεῖ
548 1426 584 1491 δε
606 1418 670 1490 τὸν
691 1426 755 1490 τοῦ
776 1425 861 1491 θεοῦ
883 1415 988 1508 λόγον
1010 1418 1154 1491 εἶναι
1118 1448 1181 1491 τον
1203 1425 1312 1491 ταῦτα
1334 1420 1500 1511 φήσαντα.

143 1530 173 1583 10
190 1527 279 1608 λέγει
301 1516 334 1590 δ’
359 1510 421 1591 σύν
443 1517 559 1602 αὐτοῖς
580 1517 725 1609 ῥήμασιν

253 1622 321 1704 (Nr.
343 1625 396 1704 54)
417 1616 485 1707 πρὸ
508 1617 571 1707 γάρ
593 1624 656 1690 τού
678 1617 741 1691 τὸν
761 1614 891 1707 κόσμον
911 1612 1037 1690 είναι
1018 1647 1062 1706 ην
1076 1613 1129 1707 <ό>
1145 1614 1246 1707 λόγος
1261 1623 1298 1691 έν
1321 1649 1372 1710 τῳ
1355 1627 1500 1708 ’πατρί

253 1713 312 1791 ότε
334 1713 412 1790 δὲ
393 1748 412 1790 ο
434 1715 686 1806 παντοκράτωρ
706 1715 789 1800 θεὸς
811 1715 926 1789 πάντα
958 1716 1002 1789 τά
1032 1721 1069 1788 ἐν
1100 1714 1259 1805 οὐρανοῖς
1287 1726 1345 1790 καί
1375 1717 1418 1789 τὰ
1444 1721 1499 1789 ἐπὶ

253 1825 315 1909 τῆς
336 1825 397 1908 γῆς
418 1823 557 1908 ποιῆσαι
579 1823 760 1906 προέθετο,
782 1820 950 1906 ἐνεργείας
972 1814 992 1907 5
1016 1823 1078 1889 τοῦ
1098 1815 1228 1907 κόσμου
1249 1824 1376 1907 γένεσις
1390 1823 1498 1890 ἐδεῖτο

254 1923 446 2007 δραστικῆς·
467 1924 523 1988 καὶ
545 1915 600 1989 διά
621 1922 737 1999 τοῦτο,
752 1916 896 2006 μηδενὸς
911 1910 1015 1999 ὄντος
1030 1918 1147 2005 ἑτέρου
1159 1915 1251 2006 πλήν
1266 1923 1351 1989 θεοῦ
1373 1914 1500 2003 (πάντα

253 2016 316 2107 γάρ
338 2012 555 2106 ὁμολογεῖται
576 2011 633 2085 ὐπ’
656 2012 762 2086 αὐτοῦ
784 2022 1009 2105 γεγενῆσθαι),
1036 2013 1118 2088 τότε
1144 2011 1163 2088 5
1190 2013 1291 2105 λόγος
1312 2017 1500 2105 προελθων

252 2121 384 2206 ἐγίνετο
406 2122 469 2187 τοῦ
490 2112 618 2204 κόσμου
638 2113 799 2205 ποιητής,
821 2111 840 2186 5
862 2122 918 2186 καὶ
940 2112 1111 2206 πρότερον
1132 2117 1234 2187 ἔνδον
1255 2123 1391 2206 νοητῶς
1413 2117 1499 2187 ἑτοι-

250 2213 368 2305 μάζων
398 2211 520 2297 αύτόν,
553 2210 601 2296 αίς
631 2211 777 2286 διδάσκει
807 2210 892 2304 ἡμᾶς
922 2211 942 2286 5
972 2212 1154 2305 προφήτης
1179 2217 1351 2305 Σολομών
1383 2211 1501 2306 »ῆνίκα

252 2312 433 2405 ἦτοίμαζεν
467 2313 530 2386 τὸν
561 2310 727 2403 ούρανόνι
769 2320 880 2403 λέγων
920 2313 1162 2405 νσυμπαρήμην
1197 2312 1310 2405 αύτῷι
1342 2323 1400 2387 καὶ
1433 2313 1500 2397 »σός

252 2411 414 2501 ἀσφαλεῖς
435 2418 543 2486 έτίθει
563 2413 674 2502 πηγάς
696 2420 757 2503 τῆς
778 2409 834 2484 ἀπ’
858 2409 1021 2502 ούρανόν,
1049 2410 1149 2504 ήνίκα
1180 2413 1298 2504 ἰσχυρά
1325 2420 1433 2486 ἐποίει
1455 2413 1498 2485 τὰ

252 2522 391 2603 θεμέλια
412 2520 475 2604 τῆς
496 2520 565 2602 γῆς,
587 2509 677 2603 ήμην
698 2509 777 2601 παρ’
799 2508 893 2604 αύτῷ
920 2509 1122 2602 άρμόζουσα·
1152 2513 1220 2601 ἐγώ
1242 2512 1331 2605 ήμην
1353 2507 1373 2602 5
1396 2538 1499 2599 προσ·
1515 2534 1550 2586 44

251 2620 416 2704 έχαιρενι·
439 2616 570 2702 ἔχαιρεν
592 2611 655 2701 γάρ
677 2609 820 2695 εἰκότως
842 2608 861 2684 5
883 2612 996 2701 πατὴρ
1018 2612 1101 2702 μετὰ
1117 2620 1239 2700 σοφίας
1252 2620 1309 2684 καὶ
1323 2610 1499 2701 δυνάμεως

251 2712 307 2786 διά
328 2719 392 2784 τοῦ
413 2710 519 2802 λόγου
539 2710 655 2784 πάντα
675 2719 797 2784 ποιων.

189 2820 299 2886 ταῦτα
322 2810 528 2901 Μάρκελλος.
572 2818 601 2883 εί
623 2811 663 2900 δὴ
686 2804 749 2883 οὖν
770 2817 807 2883 ἐκ
828 2811 1019 2901 προσώπου
1039 2817 1104 2884 τού
1125 2808 1231 2901 λόγοιν
1244 2815 1398 2902 εἰρῆσθαι
1413 2806 1501 2882 αύτά

188 2910 286 3004 μόγις
306 2918 393 2985 ποτὲ
416 2907 645 3000 οόμολόγησεν,
669 2907 798 3000 ἀνάγκη
820 2908 928 2985 αύτὸν
948 2918 1203 3002 παραδέξασθαι
1217 2918 1330 2984 πᾶσαν
1344 2909 1410 3000 τήν
1423 2909 1501 3000 σύμ-

140 3024 172 3077 25
190 3037 316 3101 φρασιν
337 3020 412 3083 τῶν
433 3017 667 3099 προκειμένων
697 3016 752 3083 ἐπί
782 3010 846 3082 τὸν
876 3007 984 3083 αὐτὸν
1014 3018 1078 3084 τού
1104 3018 1189 3084 θεοῦ
1210 3008 1318 3101 λόγον
1339 3007 1499 3100 άναφέρε·

190 3125 279 3185 σθαι.
331 3107 351 3183 5
383 3112 446 3201 γάρ
477 3111 584 3182 είπών
618 3106 734 3200 »ἡνίκα
765 3108 948 3232 ῆτοίμαζεν
977 3110 1041 3184 τὸν
1076 3106 1241 3199 οὐρανόν,
1278 3109 1500 3232 συμπαρήμην
1516 3130 1551 3183 45

191 3210 303 3301 αύτῷι
338 3208 443 3293 αύτὸς
464 3203 547 3299 ι’
488 3240 507 3281 ν
528 3239 548 3281 ο
569 3219 625 3281 καὶ
649 3208 689 3282 τό
714 3209 847 3298 »κύριος
868 3212 1000 3281 έκτισέν
1020 3240 1060 3300 με
1081 3207 1188 3299 ἀρχήν
1210 3206 1304 3281 ὁδῶν
1325 3206 1433 3282 αύτου
1417 3214 1501 3292 είς

190 3314 269 3400 ἔργα
292 3308 416 3383 αὐτοῦ(
442 3306 563 3430 φήσας
600 3309 695 3382 ἓν
659 3338 723 3399 γαρ
744 3316 800 3381 καὶ
823 3307 864 3380 τὸ
886 3305 970 3380 αύτὸ
991 3305 1181 3398 πρόσωπον
1203 3306 1402 3399 ἀρχομένοις
1423 3304 1502 3398 ῆμῖν

190 3417 340 3502 έ,δείχθη
369 3408 410 3482 τὸ
431 3407 548 3481 πάντα
570 3414 759 3496 διεξοδεῦον
789 3408 833 3480 τά
854 3416 1067 3498 προκείμενα.
1110 3407 1213 3491 αύτὸς
1243 3416 1483 3533 τοιγαροῦνα
1448 3415 1483 3497 <o
1474 3404 1501 3497 >

140 3518 173 3575 30
191 3511 301 3583 είπων
334 3509 468 3599 »κύριος
495 3513 625 3581 ἔκτισέν
651 3536 691 3598 με
713 3504 819 3598 ἀρχὴν
842 3502 938 3579 όδῶν
958 3504 1065 3580 αύτοῦ
1095 3512 1186 3593 είς”
1170 3537 1251 3601 εργα
1272 3505 1395 3581 αύτοῦι
1421 3505 1501 3598 έπή·

190 3638 293 3701 γαγεν
324 3609 366 3681 τὸ
399 3609 484 3698 »πρὸ
507 3616 570 3681 τοῦ
593 3614 720 3692 αἰῶνος
740 3611 963 3697 έθεμελίωσέν
984 3637 1042 3695 μει
1075 3615 1131 3680 καί
1159 3607 1199 3679 τὸ
1233 3605 1340 3681 »ἐν’
1319 3616 1403 3697 αρχῆ
1433 3606 1501 3696 πρό

191 3716 255 3784 τοῦ
276 3708 342 3799 τήν
363 3717 427 3799 γῆν
447 3715 603 3798 ποιῆσαι(
628 3715 683 3778 καί
705 3706 747 3828 τό
773 3704 858 3827 »πρὸ
881 3714 945 3778 τοῦ
967 3700 1029 3797 ὄρη
1044 3710 1260 3799 ἑδρασθῆναι,
1282 3706 1351 3796 πρὸ
1367 3713 1402 3780 δε
1416 3705 1502 3779 πάν·

192 3838 265 3881 των
292 3815 461 3927 <μουνῶν>
493 3813 594 3900 γεννᾷ
615 3829 687 3896 μει·
725 3802 744 3877 5
767 3805 870 3889 αὐτὸς
893 3812 928 3877 δὲ
949 3815 1006 3878 καί
1027 3808 1068 3928 τό
1094 3804 1212 3897 »ἡνίκα
1234 3805 1415 3898 ήτοίμαζεν
1438 3806 1501 3879 τὸν
1518 3820 1552 3876 46

194 3905 352 3997 ούρανόν,
383 3905 604 3997 συμπαρήμην
634 3904 747 3995 αύτῷι
772 3912 922 3995 συνῆψεν
943 3906 1064 3978 καὶτὰ
1085 3904 1262 3980 ἀκόλουθα
1285 3905 1430 3990 τούτοις.
1473 3912 1503 3978 εἰ

141 4008 233 4098 3⁶55
265 4000 327 4081 ούν
358 4002 503 4096 όλόγος
532 4000 575 4096 ῆν
598 4001 617 4077 5
640 4011 749 4077 ταῦτα
771 4003 892 4095 φήσας,
925 4013 1001 4089 πῶς
1023 4011 1122 4079 ἔνδον
1143 3999 1186 4096 ἦν
1207 4010 1244 4079 έν
1266 4013 1317 4098 τῷ
1340 4014 1413 4097 θεῷ
1436 4013 1502 4091 καί,

279 4179 315 4234 17
336 4177 417 4234 Prov.
435 4177 460 4244 8,
478 4177 580 4232 27-30
597 4206 630 4216 -
648 4177 686 4233 21
706 4177 718 4230 Ι
737 4178 801 4232 Kor.
820 4180 843 4241 1,
862 4178 896 4232 24
913 4206 946 4218 -
967 4177 1005 4234 88
1023 4176 1102 4232 Prov·
1119 4178 1144 4245 8,
1162 4178 1195 4232 27
1213 4207 1246 4217 -
1263 4176 1299 4233 27
1329 4177 1410 4232 Prov.
1427 4176 1452 4241 8,
1470 4178 1504 4230 22

193 4310 225 4321 -
249 4279 307 4336 281
321 4280 347 4335 S.
366 4280 424 4343 138,
441 4280 504 4334 31ff
517 4307 551 4317 -
568 4278 606 4333 80
624 4278 702 4333 Prov.
720 4280 745 4345 8,
763 4279 796 4331 ‘32
814 4307 847 4316 —
870 4279 931 4335 811
945 4279 1025 4334 Prov.
1042 4279 1068 4345 8,
1086 4280 1119 4332 23
1145 4308 1178 4318 -
1205 4278 1243 4334 88
1270 4277 1351 4332 Prov.
1368 4279 1393 4340 8,
1411 4279 1444 4334 25
1470 4307 1504 4317 -

193 4381 232 4437 88
249 4379 330 4436 Prov.
348 4383 374 4448 8,
391 4382 424 4435 27
447 4410 480 4419 -
499 4378 569 4436 8811
583 4379 637 4449 vgl.
656 4379 702 4434 Nr.
720 4382 754 4435 54

279 4526 614 4602 δμὲνΚΙγὰρθγάρ
633 4550 784 4579 εεεεε
803 4525 1504 4597 θίεΙῙΙδεαδ.81.ΙθθδΚ1181τῶν

194 4629 307 4691 αίὼνων
325 4652 353 4688 m
385 4636 389 4700 ί
422 4632 463 4689 88
480 4635 591 4705 βοινῶν
608 4647 636 4684 m
