3674 5506
591 494 626 549 de
644 494 829 550 ecclesiastiea
845 494 988 568 theologia
1005 495 1044 548 III
1061 498 1084 551 5.
1442 504 1497 564 161

184 682 262 743 μου,
293 658 420 737 ἐκεῖνος
450 651 535 745 ύμᾶς
564 653 689 744 διδάξει
718 655 834 730 πάντα
863 665 919 731 καί
949 654 1136 748 ὑπομνήσει
1166 654 1250 746 άμᾶς
1285 653 1398 729 πάντα
1435 650 1497 728 ὅσα

185 755 315 825 alnov«.
350 755 417 844 ἐγῶ
433 762 495 845 μὲν
516 755 579 845 γάρ
596 763 681 840 τέως
697 754 797 828 ταῦθ’
812 754 890 846 ύμῖν
905 756 1085 847 λελάληκα,
1109 765 1221 846 φησίν,
1244 755 1285 827 τὸ
1308 761 1343 828 δὲ
1364 762 1496 847 πνεῦμα
1532 769 1546 821 7

185 860 248 944 τῆς
269 851 442 945 ἀληθείας,
475 849 571 928 ὃκαὶ
594 853 679 930 αύτό
701 863 824 947 πέμφει
845 854 865 930 ὁ
887 855 1000 947 πατήρ
1021 885 1095 947 μου,
1117 852 1233 928 πάντα
1254 853 1339 944 ύμᾶς
1360 853 1495 944 διδάξει,

185 947 249 1025 ὅσα
271 960 334 1025 νῦν
356 952 399 1025 σύ
421 953 640 1045 μεμαθήκατε
662 955 779 1029 διὰτὸ
802 957 847 1048 μή
868 975 990 1046 χωρεῖν
1010 953 1105 1046 ύμάς·
1129 950 1204 1028 ἀλλ’
1219 960 1346 1039 ἐκεῖνος
1368 958 1494 1033 ἐλθῶν,
1529 970 1546 1024 8

151 1060 274 1143 ὀλίγω
297 1060 332 1125 δέ
355 1050 375 1126 δ
396 1052 623 1145 παράκλητος,
647 1053 886 1146 ἀναπληρώσει
907 1055 972 1146 τήν
993 1060 1225 1138 διδασκαλίαν,
1246 1054 1333 1145 μετά
1355 1062 1418 1127 τοῦ
1440 1062 1495 1125 καὶ

185 1162 258 1225 τῶν
290 1161 352 1226 νῦν
380 1159 576 1244 λεγομένων
605 1151 662 1227 ἀπ’
693 1159 774 1245 ἐμοῦ
802 1155 937 1246 μνήμην
966 1152 1044 1246 ύμῖν
1074 1160 1260 1245 ἐμποιῆσαι.
1310 1161 1366 1226 καὶ
1397 1146 1496 1239 αὖθις

183 1251 300 1343 ἐπάγει
333 1247 438 1326 »ὅταν
464 1259 499 1326 δὲ
521 1255 607 1342 ἔλθη
630 1249 649 1326 δ
671 1252 890 1345 παράκλητος
920 1249 962 1327 ἀν
982 1256 1050 1345 ἐγῶ
1076 1261 1201 1345 πέμφω
1223 1250 1300 1343 ύμῖν
1321 1253 1412 1342 παρὰ
1434 1260 1497 1326 τοῦ

182 1350 328 1440 πατρός,
351 1354 393 1424 τὸ
415 1360 547 1443 πνεῦμα
569 1360 629 1444 τῆς
655 1351 819 1445 ἀληθείας
849 1348 868 1426 3
899 1353 991 1442 παρά
1022 1361 1085 1427 τοῦ
1110 1353 1241 1443 πατρὸς
1267 1352 1495 1442 ἐκπορεύεται,

182 1456 312 1536 ἐκεῖνος
332 1451 537 1543 μαρτυρήσει
558 1460 636 1542 περί
656 1459 766 1544 ἐμοῦι.
809 1452 856 1526 δι’
879 1446 930 1525 ῶν
956 1450 1125 1526 ἀπάντων
1152 1461 1271 1541 σαφῶς
1292 1459 1495 1544 παρίστησιν

135 1572 166 1625 10
182 1555 315 1623 ἐκεῖνον
346 1550 409 1622 τὸν
439 1548 496 1624 ἀπ’
519 1549 626 1625 αύτοῦ
655 1551 875 1644 πεμπόμενον
900 1561 955 1624 καὶ
981 1552 1068 1640 [τὸν]
1095 1560 1267 1644 μέλλοντα
1288 1559 1365 1643 περὶ
1388 1549 1495 1625 αὐτοῦ

141 1710 147 1721 .
181 1670 364 1740 μαρτυρεῖν
391 1654 508 1742 ἕτερον
538 1653 623 1725 εἶναι
652 1651 732 1743 παρ’
763 1650 895 1726 ἑαυτόν.
946 1651 1198 1742 έπεξεργάςεται
1227 1658 1263 1724 δὲ
1294 1650 1358 1725 τὸν
1388 1649 1493 1742 λόγον
1527 1661 1544 1716 9

181 1752 232 1822 ἔτι
253 1756 387 1840 μᾶλλον
408 1760 463 1823 καί
490 1747 532 1822 δι’
560 1744 612 1823 ῶν
637 1758 782 1841 ἐπιλέγει
810 1749 902 1827 »ἀλλ’
925 1754 991 1843 ἐγῶ
1015 1752 1079 1843 τήν
1101 1747 1268 1842 ἀλήθειαν
1294 1758 1383 1842 λέγω
1403 1750 1492 1843 ύμῖν,

181 1855 341 1939 συμφέρει
363 1846 442 1940 ύμῖν
463 1855 518 1922 ἵνα
539 1852 605 1940 ἐγῶ
629 1848 782 1924 ἀπέλθω.
824 1852 885 1924 ἐάν
906 1852 968 1942 γάρ
989 1852 1035 1943 μή
1056 1848 1211 1937 ἀπέλθω,
1234 1847 1253 1924 δ
1275 1849 1493 1942 παράκλητος

182 1946 245 2021 οὐκ
268 1953 397 2038 ἔρχεται
419 1948 505 2039 πρὸς
527 1946 623 2038 ύμᾶς·
655 1949 714 2023 ἐὰν
740 1958 775 2023 δὲ
796 1958 971 2042 πορευθῶ,
994 1958 1119 2041 πέμφω
1142 1948 1250 2025 αύτὸν
1271 1951 1358 2041 πρὸς
1378 1947 1491 2042 ύμάςι.

134 2067 164 2122 15
181 2045 345 2121 ἀπελθεῖν
367 2056 403 2121 δὲ
424 2048 549 2121 ἑαυτὸν
570 2056 681 2139 λέγων
702 2053 739 2121 ἐν
762 2050 898 2134 τούτοις
919 2080 957 2122 τε
981 2052 1021 2123 τὸ
1042 2048 1156 2136 πάθος
1172 2052 1295 2122 ἑαυτοῦ
1316 2049 1491 2142 ἐσήμαινεν

180 2156 236 2218 καὶ
259 2147 324 2238 τήν
344 2150 429 2238 μετά
450 2155 556 2222 τοῦτο
578 2148 665 2239 πρὸς
687 2149 751 2222 τὸν
765 2158 895 2239 πατέρα
910 2149 1047 2223 ἄνοδον.
1084 2158 1135 2234 τίς
1150 2143 1213 2223 οὖν
1228 2143 1340 2234 οὕτως
1355 2146 1491 2241 ήλίθιος
1509 2158 1542 2213 10

181 2243 229 2331 ῶς
251 2246 336 2336 μετὰ
359 2247 528 2332 τοσαύτας
550 2248 670 2337 φωνὰς
693 2250 751 2322 ἵνα
772 2257 829 2321 καὶ
850 2249 914 2322 τὸν
933 2247 1040 2322 αὐτὸν
1062 2253 1146 2324 εἶναι
1169 2248 1275 2337 φάναι
1297 2250 1361 2323 τὸν
1382 2256 1490 2323 ταῦτα

181 2353 326 2436 λέγοντα
347 2347 489 2420 καὶτὸν
510 2356 586 2436 περὶ
608 2340 649 2421 οὗ
672 2345 768 2421 ταῦτ’
789 2351 917 2439 ἔλεγεν,
948 2346 1087 2422 ἀκούων
1117 2346 1224 2422 αύτοῦ
1249 2356 1369 2437 σαφῶς
1391 2357 1490 2439 διορι·

180 2453 324 2537 ζομένου
346 2447 410 2537 τήν
432 2443 598 2538 ἀλήθειαν
620 2446 774 2535 φάσκειν,
801 2457 858 2520 καὶ
879 2457 931 2532 τίς
953 2445 973 2538 ή
995 2446 1140 2539 ἀλήθεια
1161 2456 1418 2538 παριστῶντσς,
1441 2446 1490 2532 ῶς

132 2566 164 2619 20
180 2549 208 2617 εἰ
228 2546 274 2636 μή
296 2542 444 2619 ἀπέλθοι
466 2544 578 2633 αύτύς,
600 2547 645 2638 μή
668 2547 711 2619 ἀν
731 2575 818 2619 ποτε
840 2545 932 2637 ήξειν
955 2546 995 2619 τὸ
1018 2542 1117 2638 άγιον
1131 2554 1270 2634 πνεῦμα.
1306 2550 1334 2617 εἰ
1353 2553 1389 2618 δέ
1403 2555 1489 2619 ποτὲ
1508 2560 1539 2613 ll

178 2651 239 2735 μὲν
261 2644 326 2718 τὸν
347 2652 478 2736 πατέρα
499 2654 646 2738 πέμψειν
676 2648 717 2720 τὸ
739 2653 869 2736 πνεῦμα
897 2647 938 2719 τὸ
961 2639 1058 2736 άγιον
1080 2652 1165 2718 ποτὲ
1187 2652 1223 2718 δὲ
1245 2645 1368 2718 ἑαυτὸν
1390 2650 1489 2737 διορί·

179 2755 281 2832 ςεται,
304 2742 367 2817 ούκ
388 2751 526 2818 ἐναντία
548 2745 725 2837 δήπουθεν
740 2744 898 2820 διδάσκει·
920 2744 1035 2820 πάντα
1050 2747 1113 2837 γάρ
1128 2740 1191 2819 ὅσα
1205 2745 1266 2819 ἐὰν
1283 2751 1407 2834 »βλέπη
1426 2745 1489 2817 τὸν

178 2850 309 2934 πατέρα
330 2852 533 2929 ποιοῦνται,
566 2854 693 2919 »ταῦτα
715 2841 843 2933 ὁμοίως
863 2855 920 2918 καὶ
942 2842 962 2920 ά
984 2847 1057 2930 υἱὸς
1090 2855 1095 2935 Ι
1129 2865 1238 2918 ποιεῖ(
1271 2852 1328 2918 καὶ
1352 2848 1489 2929 »καθῶς
1508 2858 1567 2915 172

178 2939 303 3027 ἀκούει,
324 2952 460 3033 κρίνειε.
495 2945 547 3018 διὸ
563 2955 606 3036 τῇ
627 2952 691 3019 τοῦ
711 2944 841 3036 πατρὸς
862 2954 976 3035 κρίσει,
999 2940 1058 3019 ὅτε
1078 2954 1134 3017 καὶ
1148 2945 1309 3032 βούλεται
1329 2939 1487 3035 δπατήρ,

131 3059 161 3115 25
177 3049 365 3133 τηνικαῦτα
380 3039 399 3116 δ
414 3044 486 3127 υίὸς
500 3050 593 3134 καλή
616 3042 656 3117 δι’
680 3042 786 3118 αύτοῦ
807 3041 827 3118 ὁ
849 3046 965 3137 σωτὴρ
987 3042 1190 3119 ἀποστέλλει
1206 3063 1280 3128 τοῖς
1301 3042 1408 3117 αύτοῦ
1429 3073 1489 3134 μα·

178 3152 301 3232 θηταῖς
322 3143 364 3215 τὸ
386 3151 519 3234 πνεῦμα
541 3151 602 3234 τῆς
623 3142 785 3235 ἀληθείας
809 3144 849 3218 τὸ
871 3144 1102 3235 παράκλητον,
1124 3145 1210 3233 πρὸς
1224 3142 1266 3215 τὸ
1281 3153 1488 3231 παρακαλεῖν

176 3237 300 3325 αύτούς
330 3250 387 3314 καὶ
412 3256 686 3334 παραμυθεῖσθαι
715 3243 768 3333 ἐφ’
790 3243 842 3330 οἷς
864 3243 1093 3333 κηρύττοντες
1123 3244 1163 3316 τὸ
1195 3240 1388 3332 εὐαγγέλιον
1418 3239 1486 3314 ύπὸ

176 3350 250 3415 τῶν
272 3340 492 3415 ἐλαυνόντων
515 3340 639 3427 αύτούς
666 3348 824 3434 ἔπασχον·
856 3340 897 3414 ού
916 3340 1026 3433 μόνον
1048 3349 1084 3416 δὲ
1105 3343 1191 3433 πρὸς
1213 3342 1254 3413 τὸ
1276 3354 1486 3431 παρακαλεῖν
1505 3356 1536 3408 1‘2

176 3438 313 3525 αύτούς,
342 3439 430 3515 ἀλλὰ
455 3450 509 3513 καὶ
535 3444 622 3532 πρὸς
649 3443 689 3514 τὸ
716 3440 846 3529 διδάξαι
868 3440 992 3525 αύτούς
1012 3449 1126 3516 πᾶσαν
1148 3444 1212 3534 τήν
1234 3437 1402 3531 ἀλήθειαν
1424 3447 1485 3531 τῆς

129 3556 160 3610 30
175 3548 293 3631 καινῆς
324 3540 503 3632 διαθήκης,
535 3540 578 3631 ήν
608 3540 670 3614 ούκ
699 3543 851 3632 ἐχῶρουν
881 3540 948 3613 ἀπὸ
980 3549 1042 3614 τοῦ
1073 3548 1228 3633 σωτῆρος
1258 3537 1483 3624 διδάσκεσθαι,

176 3635 323 3730 ὁπηνίκα
345 3648 453 3712 ταῦτα
475 3638 591 3723 αύτοῖς
613 3639 730 3731 ῶμίλει
761 3640 815 3712 διά
847 3640 887 3711 τὸ
917 3642 968 3711 ἔτι
999 3649 1041 3730 τῇ
1063 3639 1222 3730 Ἰουδαϊκῇ
1250 3645 1483 3712 δεδουλῶσθαι

176 3736 300 3829 ἀγωγῇ.
343 3748 452 3812 ταῦτα
483 3748 518 3811 δέ
544 3744 652 3829 ἐργοις
682 3739 831 3830 ἐπλήρου
858 3740 943 3829 μετὰ
973 3739 1038 3830 τήν
1068 3746 1105 3812 ἐκ
1136 3747 1269 3831 νεκρῶν
1299 3736 1483 3812 ἀνάστασιν
1503 3758 1534 3810 13

175 3834 289 3911 αύτοῦ.
319 3836 396 3928 μεθ’
419 3838 461 3930 ἣν
483 3842 590 3911 είπῶν
612 3849 654 3929 τῇ
670 3849 783 3932 Μαρίᾳ
801 3837 863 3929 »μή
876 3868 943 3929 μου
960 3831 1081 3923 άπτου,
1102 3831 1201 3911 ούπω
1216 3837 1279 3931 γάρ
1295 3835 1483 3930 ἀναβέβηκα

173 3936 260 4025 πρὸς
283 3938 346 4010 τὸν
367 3947 497 4028 πατέρα
517 3968 616 4028 μουι,
647 3939 730 4027 μετὰ
761 3946 870 4010 ταῦτα
901 3932 961 4011 άτε
991 3940 1032 4029 δή
1063 3936 1286 4028 ἀνεληλυθῶς
1312 3937 1399 4025 πρὸς
1420 3938 1485 4010 τὸν

127 4050 158 4105 35
173 4044 306 4127 πατέρα
327 4058 400 4121 τοῖς
421 4049 590 4129 μαθηταῖς
612 4035 727 4128 ῶφθη,
751 4045 814 4110 τοῦ
837 4034 934 4126 ἀγίου
949 4038 1141 4128 πνεύματος
1156 4031 1410 4126 ἀπεσταλμένσυ
1428 4044 1483 4109 καὶ

259 4258 274 4313 7
295 4257 358 4314 Joh.
378 4260 418 4325 15,
436 4259 469 4313 26
487 4286 520 4297 -
543 4259 581 4314 12
600 4258 661 4313 Joh.
683 4262 721 4325 16,
740 4261 755 4314 7
777 4287 810 4297 -
832 4259 872 4315 22
890 4259 953 4314 Joh.
971 4262 996 4327 5,
1016 4261 1048 4315 19
1074 4288 1107 4299 -
1135 4258 1174 4314 23
1201 4256 1262 4312 Joh.
1281 4258 1305 4322 ε’),
1323 4257 1356 4312 30
1382 4285 1416 4295 -
1443 4259 1482 4313 29

173 4356 234 4411 ίοίι
256 4360 295 4425 16,
315 4360 346 4414 13
365 4387 399 4397 -
417 4359 456 4414 θθ
474 4357 535 4414 Joh.
553 4360 594 4424 20,
613 4361 628 4412 7
648 4387 680 4399 -
698 4359 737 4415 θῶ
756 4359 824 4417 Luk.
842 4362 882 4427 24,
900 4362 942 4416 36.
972 4360 1032 4415 Joh.
1051 4360 1091 4427 20,
1110 4361 1143 4415 19

260 4559 298 4615 Ιθ
324 4556 376 4615 τὸν
395 4562 442 4613 είς.
466 4559 502 4613 Kl
533 4561 538 4627 Ι
573 4559 611 4615 18
629 4557 741 4615 ἐπέλθω
760 4560 811 4621 W,
831 4576 897 4614 corr.
917 4561 954 4613 θ’
985 4561 990 4629 Ι
1023 4559 1062 4615 25
1080 4560 1129 4613 καί
1146 4551 1180 4611 δι’
1198 4552 1320 4611 αἰτοῦδ
1344 4552 1403 4623 είδς
1421 4560 1479 4626 (καί

177 4660 269 4730 σωτήρ
286 4660 357 4727 κτλ.)
375 4660 430 4724 Μο,
449 4658 465 4715 ὁ
484 4656 543 4725 νίδς
559 4661 609 4714 καί
626 4654 659 4714 δι’
678 4657 747 4715 αθεδ
766 4661 900 4728 <εοῦτσ>2
918 4660 999 4715 Ιιοσίε

234 4744 354 4790 Eusebius
368 4745 408 4790 lv.
1235 4744 1266 4796 ll
