3698 5510
589 452 623 508 δε
640 452 826 508 ecclesiast-im
842 454 985 523 theologia
1002 453 1030 509 Π
1046 456 1088 509 20.
1106 454 1148 509 21.
1471 461 1528 524 131

275 614 316 687 τὸ
342 614 427 705 »ἐγώ
450 621 516 705 εἰμι
538 609 558 688 ό
581 613 667 701 ὤνι,
691 613 819 688 ταύτόν
841 609 942 700 αὖθις
968 624 1045 706 περὶ
1067 615 1282 706 τοῦπατρὸς
1305 625 1412 707 λέγειν
1436 647 1526 708 νομι-

276 712 454 806 σθήσεται·
484 713 647 804 ἑκάτερον
670 722 705 787 δὲ
727 715 866 789 τούτων
888 711 1010 800 ἀσεβές.

215 820 322 886 ταῦτα
344 819 380 886 δὲ
401 822 516 903 λέγων
538 811 579 902 [ό]
604 812 707 899 αύτὸς
729 815 878 905 ἐκατέρῳ
906 823 1165 905 περιπέπτωκεν
1192 822 1278 907 (τῷ)
1304 813 1439 908 ἇτόπῳ,
1468 820 1560 889 ένα6

212 921 274 1000 μὲν
296 910 492 1004 ὁριζόμενος
519 917 604 987 εἶναι
631 914 695 988 τόν
722 909 822 1000 ὄντα,
853 912 1005 1003 θάτερον
1035 920 1071 987 δὲ
1103 912 1317 1005 ἀρνούμενος.
1360 925 1416 990 καί
1447 925 1525 990 τίνα

179 1028 196 1081 ο
214 1021 342 1087 τοῦτον
364 1011 469 1098 αύτὸς
491 1011 534 1086 ἂν
555 1019 666 1105 εἰδείη.
701 1011 724 1104 ἢ
744 1013 806 1104 γὰρ
821 1012 885 1087 τόν
905 1023 1035 1104 πατέρα
1059 1015 1138 1100 δούς
1159 1014 1223 1087 τόν
1244 1016 1319 1088 υίὸν
1334 1013 1526 1106 ἀρνήσεται,

215 1111 322 1204 ἢτὸν
344 1113 422 1187 υἱὸν
442 1113 550 1202 μόνον
572 1112 844 1205 παραδεξάμενος
870 1111 1031 1205 ἇθετήσει
1057 1113 1121 1187 τὸν
1150 1122 1294 1204 πατέρα·
1329 1123 1461 1205 μᾶλλον
1492 1123 1527 1187 δὲ

214 1207 294 1287 ούτε
315 1220 448 1303 πατέρα
471 1208 552 1287 ούτε
573 1214 649 1286 υίὸν
670 1216 769 1298 εἰδώς
790 1213 1040 1305 ἐλεγχθήσεται,
1062 1214 1122 1286 ἕνα
1143 1213 1252 1306 μόνον
1278 1215 1390 1298 διδούς
1411 1214 1475 1286 τὸν
1497 1212 1527 1285 δ’

215 1318 333 1402 ἕτερον
355 1314 515 1387 ἐκποδῶν
537 1311 705 1404 μεθιστύς.
748 1311 813 1386 κόν
839 1312 946 1402 ύκούη
975 1320 1010 1387 δε
1036 1321 1199 1404 λέγοντος
1229 1321 1293 1388 τοῦ
1322 1321 1408 1387 θεοῦ
1440 1314 1525 1403 »ἐγώ

212 1413 329 1504 κύριος
351 1409 371 1486 ό
392 1410 475 1498 θεός
497 1439 575 1498 σου,
598 1408 617 1485 ό
639 1413 815 1504 ἐξαγαγών
836 1438 872 1486 σε
894 1417 931 1485 ἐκ
953 1421 1013 1505 γῆς
1034 1413 1224 1503 Αἰγύπτου,
1256 1420 1292 1502 ἐξ
1321 1419 1419 1488 οἴκου
1448 1420 1524 1486 δου-

165 1530 195 1583 10
212 1524 313 1598 λείας.
356 1510 418 1587 οῦκ
450 1516 588 1586 ἔσονταί
614 1538 668 1587 σοι
695 1520 771 1586 θεοὶ
803 1515 912 1603 ἕτεροι
940 1512 1034 1602 πλὴν
1064 1518 1179 1603 ἐμοῦι,
1210 1512 1316 1587 πόλιν
1345 1510 1557 1585 καίνταῦθαί

211 1612 257 1703 μή
281 1620 508 1703 ταραττέσθω
531 1612 596 1702 τὴν
618 1611 730 1703 ψυχήν
752 1609 840 1685 ἄλλα
861 1618 917 1685 καὶ
940 1620 1013 1684 τῶν
1029 1615 1104 1703 ἑξῆς
1119 1620 1338 1704 συνημμένων
1353 1611 1524 1685 ἀκουέτω·

213 1715 323 1785 εἰπών
344 1712 408 1802 γὰρ
442 1708 522 1784 »οῦκ
545 1715 680 1783 ἔσονταί
702 1738 756 1786 σοι
778 1721 855 1785 θεοὶ
878 1716 988 1802 ἕτεροι
1009 1714 1102 1803 πλὴν
1128 1719 1244 1804 ἐμοῦι,
1275 1712 1442 1804 ἐπήγαγεν
1466 1709 1526 1785 »σύ

212 1809 365 1903 ποιήσεις
386 1819 520 1901 σεαυτῷ
542 1816 689 1885 εἴδωλον
710 1808 788 1883 οῦδὲ
809 1811 942 1896 παντὸς
964 1808 1133 1904 ὁμοίωμα,
1165 1807 1228 1885 ὅσα
1254 1819 1363 1904 ἐντῷ
1387 1808 1524 1902 οὐρανῷ

214 1911 289 1983 α”νω
311 1919 368 1983 καί
391 1905 453 1983 όσα
475 1916 512 1983 ἐν
539 1919 583 2000 τῇ
605 1919 646 2001 γῇ
671 1909 769 1985 κότω
799 1918 856 1983 καί
883 1905 946 1983 ὅσα
971 1917 1009 1984 ἰν
1040 1931 1113 1996 τοῖς
1137 1907 1256 1986 ύδασιν
1275 1910 1441 1986 ύποκότω
1463 1918 1524 2001 τής

163 2026 193 2079 115
213 2017 281 2102 γῆς.
323 2008 365 2082 ού
386 2009 629 2101 προσκυνήσεις
650 2007 768 2094 αύτοις
795 2008 873 2083 οῦδὲ
899 2011 945 2101 μή
976 2013 1168 2102 λατρεύσεις
1197 2009 1325 2098 αὐτοῖς·
1361 2014 1429 2102 ἐγω
1459 2009 1523 2101 γάρ

212 2117 277 2197 εἰμι
300 2105 455 2201 κύριοςό
483 2108 565 2193 θεός
591 2134 668 2195 σου,
698 2109 813 2200 κύριος
844 2109 1026 2201 ζηλωτήςι.
1070 2107 1152 2206 δρᾷς
1183 2109 1280 2196 ὅπως
1309 2118 1556 2186 διεστέλλετοὸ

211 2209 256 2300 μή
278 2218 323 2299 τῇ
344 2217 419 2282 τῶν
439 2217 557 2281 ἐθνῶν
582 2217 747 2299 πολυθέῳ
773 2207 888 2299 πλάνη
914 2209 1180 2301 συναπύγεσθαι,
1212 2209 1321 2302 μόνον
1350 2219 1387 2284 δὲ
1416 2210 1523 2285 αύτὸν

212 2316 336 2383 εἰδέναι
356 2308 443 2381 θεὸν
464 2317 519 2380 καὶ
542 2308 668 2397 κύριον.
713 2317 765 2392 τίς
790 2306 819 2381 δ
845 2302 889 2398 ἦν
919 2303 1038 2395 σῦτος;
1068 2307 1088 2381 ὁ
1118 2310 1190 2396 υίὸς
1220 2312 1285 2401 τὴν
1315 2309 1430 2384 εἰκόνα
1461 2317 1524 2383 τοῦ

213 2407 343 2498 πατρὸς
366 2412 455 2498 ἔχων
476 2413 514 2480 ἐν
536 2409 648 2498 ἑαυτῷ
672 2412 707 2494 ἐξ
728 2406 928 2493 αύθεντείας
955 2438 993 2481 τε
1016 2407 1122 2482 αύτσῦ
1143 2428 1217 2493 τοῖς
1239 2417 1524 2498 εἰδωλολατρείαν

159 2520 193 2576 20
213 2514 372 2582 νοσοῦσιν
393 2514 503 2580 ταῦτα
525 2505 799 2597 διαταττόμενος.
843 2506 891 2592 ως
918 2507 983 2599 γὰρ
1008 2506 1141 2581 »πάντα
1163 2506 1209 2579 δι’
1231 2505 1338 2582 αύτοῦ
1359 2513 1523 2599 ἐγένετοτ,

213 2614 275 2680 τοῦ
306 2606 436 2696 πατρὸς
467 2606 521 2679 διὰ
551 2614 615 2681 τοῦ
645 2615 800 2698 σωτῆρος
830 2609 896 2728 τήν
927 2616 1000 2679 τῶν
1030 2617 1186 2698 γενητῶν
1211 2604 1381 2680 ἁπάντων
1405 2603 1524 2678 ούσίαν

212 2705 503 2796 ύποστησαμένου,
537 2714 541 2795 Ι
575 2703 688 2789 ούτως
719 2704 821 2789 αύτός
851 2736 895 2796 ην
925 2703 944 2779 ό
971 2707 1085 2797 πατὴρ
1114 2707 1180 2797 τήν
1201 2713 1247 2791 εἰς
1268 2703 1375 2779 αῦτὸν
1396 2713 1524 2797 γνῶσίν
1543 2721 1602 2777 11111

212 2836 250 2880 τε
272 2813 329 2877 καί
351 2803 518 2893 εὐσέβειαν
540 2806 594 2880 διὰ
615 2815 754 2895 μεσίτου
776 2813 839 2878 τοῦ
860 2811 935 2879 υἱοῦ
949 2807 1156 2896 παραδιδούς
1172 2806 1381 2895 ἀνθρώποις.
1418 2812 1523 2880 τοῦτο
1541 2822 1557 2876 9

213 2912 248 2979 δέ
268 2914 326 2978 καί
347 2901 367 2977 ό
390 2901 586 2990 ύπόστολος
607 2902 724 2990 αύτοῑς
741 2903 885 2995 ῥήμασιν
909 2904 1078 2990 Γαλάταις
1100 2904 1241 2998 γράφων
1262 2911 1450 2990 ἐδίδασκεν,
1480 2901 1522 2977 δι’

159 3020 194 3076 25
213 2998 264 3078 τόν
286 3009 351 3095 ἔφη
376 3000 415 3078 »ό
437 3002 542 3096 νόμος
563 3012 732 3095 διαταγεὶς
753 3002 795 3076 δι’
817 3002 987 3094 ἀγγέλων,
1010 3011 1048 3078 έν
1065 3015 1149 3096 χειρί
1170 3015 1319 3095 μεσίτου.
1362 3000 1381 3077 ό
1412 3011 1448 3078 δὲ
1468 3033 1522 3095 με·

212 3113 306 3195 σίτης
328 3103 404 3189 ἑνός
426 3101 488 3179 οῦκ
510 3109 616 3190 ἔστιν,
648 3100 668 3176 δ
698 3111 735 3177 δὲ
761 3104 843 3188 θεὸς
873 3106 919 3189 εἰς
945 3111 1066 3178 ἐστινι.
1109 3102 1175 3177 κᾶν
1197 3112 1276 3195 λέγη
1307 3110 1413 3179 εἰδετε
1434 3110 1522 3176 ἴδετε
1540 3124 1574 3177 10

213 3199 268 3278 ότι
290 3205 356 3294 ἐγώ
380 3210 454 3295 εἰμι,
475 3212 532 3275 καί
554 3201 616 3276 σῦκ
637 3206 730 3276 ἐστιν
751 3204 834 3286 θεὸς
854 3204 947 3294 πλὴν
968 3210 1079 3293 ἐμοῦι,
1101 3202 1207 3278 πόλιν
1229 3201 1248 3277 ὁ
1269 3204 1384 3294 πατὴρ
1406 3196 1450 3293 ήν
1473 3201 1523 3287 οἷς

213 3306 268 3377 διὰ
289 3300 421 3387 εἰκόνος
442 3313 499 3375 καὶ
520 3311 658 3393 μεσίτου
681 3302 735 3375 διὰ
757 3310 821 3375 τοῦ
841 3307 917 3376 υίοῦ
937 3311 1044 3377 τοῦτο
1072 3301 1224 3391 φάσκων.
1267 3311 1297 3377 εί
1323 3304 1387 3393 γὰρ
1409 3302 1450 3392 δή
1472 3308 1523 3373 λέ-

213 3433 336 3494 γοντος
357 3411 419 3493 μὲν
439 3399 573 3475 Ἡσαΐου
599 3410 662 3476 τοῦ
683 3400 868 3492 προφήτου
900 3404 1010 3486 »υἱούς
1035 3408 1198 3495 ἐγέννησα
1219 3412 1275 3476 καί
1297 3398 1435 3489 ύιμωσαι
1468 3410 1524 3474 καί

159 3518 196 3572 30
212 3501 317 3577 πόλιν
343 3500 486 3594 »Ἰσραήλ
509 3508 547 3574 δέ
567 3532 606 3592 με
629 3498 691 3574 οῦκ
713 3506 812 3591 ἔγνω,
833 3509 889 3574 καὶ
912 3498 931 3574 ὁ
954 3500 1036 3586 λαός
1056 3531 1097 3593 με
1119 3500 1161 3575 ού
1174 3509 1335 3594 συνῆκεν(
1352 3509 1409 3573 καί
1423 3494 1524 3584 αῦθις

216 3603 300 3693 »ἐγὼ
321 3608 426 3675 πᾶσιν
448 3621 522 3685 τοῖς
549 3601 688 3691 ἄστροις
713 3599 946 3692 ἐνετειλάμην,
978 3611 1034 3674 καὶ
1064 3611 1107 3693 τῇ
1135 3611 1220 3692 χειρί
1248 3631 1314 3693 μου
1339 3606 1523 3690 έστερέωσα

213 3702 276 3776 τὸν
298 3699 465 3792 ούρανὸνι
490 3709 545 3774 καὶ
568 3695 631 3774 όσα
654 3701 740 3773 ἄλλα
767 3708 925 3787 τοιαῦτα,
956 3699 998 3774 ού
1027 3701 1090 3775 τὸν
1111 3697 1245 3774 Ἠσαίαν
1274 3707 1384 3773 ταῦτα
1413 3706 1523 3790 λέγειν

213 3800 375 3895 φήσομεν,
398 3798 439 3872 δι’
462 3798 568 3874 αύτσῦ
589 3809 626 3874 δὲ
648 3802 712 3875 τὸν
734 3805 771 3872 ἐν
793 3798 887 3892 αύτῷ
911 3808 1082 3874 λαλοῦντα
1104 3798 1203 3886 θεόν,
1231 3798 1303 3889 ου’χί
1325 3800 1367 3891 δὴ
1388 3807 1444 3871 καί
1467 3803 1523 3872 ἐπὶ

213 3908 276 3973 τοῦ
297 3909 504 3991 μονογενοῦς
525 3906 601 3974 υἱοῦ
621 3908 685 3975 τοῦ
706 3907 789 3973 θεοῦ
803 3908 928 3990 πρέποι
944 3897 987 3970 ἂν
1002 3899 1065 3972 τὸν
1078 3907 1210 3991 πατέρα
1225 3896 1267 3972 δι’
1282 3896 1389 3973 αύτοῦ
1401 3905 1522 3989 χρῆναι

159 4012 194 4067 35
212 4008 321 4075 ταῦτα
343 4000 636 4092 διαμαρτύρασθαι
657 4006 713 4075 73¹
737 4018 809 4082 τοῖς
831 4008 905 4072 τῶν
928 4006 1074 4072 τοιῶνδε
1094 3998 1389 4090 παραγγελμάτων
1411 4004 1521 4089 δεομέ-

298 4218 1522 4293 1Ex.3,14-8vgl.Nr.68-Ex.20‚2.3-12Ex.20,3-1·31.20,4.6

211 4350 243 4363 -
271 4322 310 4378 20
335 4321 458 4391 Joh.1‚3
483 4352 518 4363 -
544 4323 583 4380 25
610 4321 714 4390 (iam,
733 4324 773 4377 19.
792 4323 826 4379 20
851 4352 886 4361 -
909 4322 947 4378 26
965 4322 1020 4393 vgl.
1037 4321 1084 4376 Nr.
1101 4323 1136 4379 68
1152 4350 1186 4362 -
1212 4321 1291 4377 Dent.
1310 4324 1351 4389 32,
1368 4324 1402 4379 39
1424 4351 1458 4361 -
1480 4323 1521 4379 2⁰

210 4422 264 4480 δατ.
284 4425 342 4493 1,2
362 4453 393 4465 -
411 4423 450 4480 110
467 4422 521 4480 ἰω.
539 4426 563 4492 1,
581 4425 597 4479 3
615 4454 649 4464 -
667 4425 703 4480 111
724 4423 837 4491 Jes.45,
856 4425 890 4479 12

297 4618 473 4679 amm
504 4624 510 4694 ι
540 4624 652 4698 τρυε
683 4628 689 4694 ι
721 4621 916 4695 εηευειυ
948 4625 953 4694 ι
986 4619 1217 4682 εεειυοιυ
1250 4624 1254 4693 ι
1286 4621 1519 4765 ιειγθεοιεν

1394 4712 1409 4746 *
