3728 5508
340 492 381 555 22
939 485 1074 542 Eusebius

404 658 488 734 θείς,
511 646 582 721 ἀλλ’
607 650 718 741 ἑαυτῷ
735 652 893 733 δεδωκώς
913 659 1035 723 πλεῖον
1056 654 1217 738 δευτέραν
1237 645 1405 721 ύπόθεσιν
1431 644 1654 738 διηγήσασθαι

405 756 469 822 τοῦ
490 746 597 839 λόγου
617 747 729 840 μάτην
751 757 869 844 τολμᾷ.

342 855 398 921 καί
421 847 558 932 τούτοις
574 855 609 921 δέ
624 869 698 933 τοῖς
711 846 779 923 ύπό
794 846 982 940 Ὦριγένους
1004 844 1121 938 ὀρθῶς
1136 856 1331 939 εἰρημένοις,
1353 855 1430 937 περὶ
1446 854 1509 921 τού
1521 846 1567 938 μὴ
1583 855 1654 920 δεῖν

343 946 540 1039 σωματικήν
568 978 644 1021 τινα
665 954 721 1025 371
742 956 798 1022 καί
820 949 1017 1039 παθιγτικὴν
1037 947 1291 1038 ὑπολαμβάνειν
1311 948 1377 1039 τὴν
1397 954 1459 1038 τῆς
1483 946 1654 1037 θεότητος

309 1059 326 1113 5
344 1056 407 1120 τοῦ
428 1052 504 1122 υἱοῦ
525 1054 692 1140 γέννησιν,
717 1043 895 1139 ἀντιλέγει,
915 1046 1052 1137 μάλισθ’
1069 1043 1124 1121 ότι
1145 1057 1197 1140 τῷ
1212 1053 1275 1139 υίῷ
1295 1054 1441 1120 δέδοικεν
1455 1044 1654 1119 ύπόστασιν.

342 1156 397 1220 καί
429 1153 582 1238 ἐπιφέρει
612 1147 677 1221 τόν
702 1144 852 1240 Ὦριγένη
882 1147 989 1221 πάλιν
1018 1156 1133 1232 κακῶς
1166 1154 1275 1238 λέγων
1304 1165 1377 1231 τοῖς
1403 1176 1441 1220 τε
1467 1144 1524 1218 τότ’
1547 1143 1655 1220 αύτοῦ

343 1244 460 1337 ὀρθῶς
482 1265 658 1337 γραφεῖσιν
678 1244 868 1338 ἀντιλέγων
891 1252 929 1320 έν
955 1247 1092 1331 τούτοις

405 1353 473 1435 (Nr.
496 1355 548 1435 32)
585 1341 639 1420 ότι
675 1347 717 1420 τά
749 1354 891 1421 τοιαῦτα
919 1345 1065 1438 γράφων
1093 1344 1262 1438 Ὦριγένης
1296 1353 1393 1430 ἰδίοις
1427 1351 1549 1437 έχρῆτο
1580 1343 1656 1436 δόγ·

405 1471 519 1539 μασιν,
551 1454 656 1538 δῆλον
689 1443 748 1535 ἀφ’
780 1440 832 1519 σόν
852 1454 908 1520 καί
940 1447 984 1519 τά
1005 1449 1129 1522 ἑαυτοῦ
1166 1446 1348 1537 ἀνατρέπει
1386 1442 1562 1530 πολλάκις.
1618 1451 1656 1519 έν

405 1553 489 1637 γοῦν
511 1548 617 1638 ἑτέρῳ
638 1553 754 1638 χωρίῳ
777 1540 878 1620 άτινα
898 1554 975 1634 περὶ
996 1554 1083 1620 θεοῦ
1104 1555 1204 1638 λέγει,
1231 1543 1427 1620 άκόλουθόν
1453 1552 1546 1619 ἐστιν
1571 1543 1655 1619 ύπο·

405 1653 538 1738 μνῆσαι.
567 1644 687 1736 γράφει
709 1651 745 1718 δὲ
767 1643 892 1731 οὕτως·
914 1644 960 1719 ού
981 1647 1054 1736 γάρ
1077 1642 1206 1731 όθεὸς
1227 1647 1358 1737 πατὴρ
1380 1650 1482 1721 εἶναι
1503 1643 1653 1736 ἤρξατο
1672 1660 1708 1715 22

405 1743 677 1835 κωλυόμενος,
709 1744 763 1830 αός
796 1750 833 1818 οί
870 1744 1078 1837 γινόμενοι
1114 1754 1286 1836 πατέρες
1316 1747 1545 1836 ἄνθρωποι,
1577 1743 1655 1817 ύπό

407 1852 480 1918 τοῦ
500 1845 550 1936 μὴ
574 1844 771 1918 δύνασθαί
800 1876 862 1919 πω
888 1854 1060 1937 πατέρες
1082 1849 1192 1920 εἶναι.
1228 1852 1261 1919 εί
1281 1846 1354 1937 γὰρ
1377 1842 1436 1919 άεὶ
1457 1839 1655 1930 τέλειοςό

406 1942 515 2030 θεός,
538 1955 603 2017 καί
618 1943 814 2034 πάρεστιν
828 1942 936 2037 αύτῷ
954 1946 1120 2039 δύναμις
1135 1955 1207 2020 τοῦ
1221 1953 1375 2037 πατέρα
1394 1943 1520 2020 αύτόν
1535 1948 1656 2029 εἶναι,

407 2052 471 2117 καί
486 2044 613 2118 καλὸν
629 2042 753 2118 αύτόν
768 2045 870 2117 εἶναι
885 2053 1038 2137 πατέρα
1057 2047 1251 2121 τοιούτου
1272 2051 1374 2133 υίοῦ,
1397 2053 1468 2137 <τί>
1484 2043 1656 2132 άναβάλ-

408 2157 521 2217 λεται
557 2152 622 2216 καί
658 2150 731 2216 τοῦ
764 2152 890 2219 καλοῦ
927 2147 1074 2220 ἑαυτὸν
1109 2155 1306 2235 οτερίσκει
1342 2155 1421 2233 καί,
1457 2144 1511 2230 ως
1546 2151 1658 2218 ἔστιν

407 2250 550 2332 εἰπεῖν,
582 2249 623 2330 ἐξ
644 2235 689 2315 ού
715 2241 885 2317 δύναται
906 2246 1038 2337 πατὴρ
1069 2248 1187 2331 εἶναι,
1219 2243 1264 2319 ού
1291 2253 1462 2336 (γίνεται
1490 2243 1657 2335 πατήρ>,·

407 2343 453 2416 τό
476 2340 573 2416 αύτό
595 2351 779 2436 μέντοιγε
800 2352 863 2416 καί
887 2354 977 2436 περὶ
999 2352 1072 2417 τοῦ
1090 2342 1205 2435 άγίου
1229 2346 1458 2436 πνεύματος
1479 2351 1655 2418 λεκτέον.

407 2451 483 2526 πῶς
504 2435 566 2514 ούν
585 2439 773 2533 Ὦριγένους
793 2452 851 2516 καί
872 2451 979 2518 τοῦτο
1001 2444 1207 2534 γράψαντος,
1229 2442 1249 2518 ό
1270 2445 1432 2538 μακάριος
1451 2443 1528 2519 κατ’
1548 2441 1656 2517 αύτόν
1673 2460 1708 2515 23

407 2548 576 2626 Παυλῖνος
598 2549 705 2616 τοῦτο
726 2550 787 2635 μὲν
807 2540 1073 2633 άποκρύψασθαι
1102 2542 1165 2617 ούκ
1190 2544 1372 2619 ἀκίνδυνον
1393 2542 1556 2635 ένόμισεν,
1577 2542 1656 2634 χρή-

406 2652 530 2714 σασθαι
552 2649 587 2715 δέ
609 2649 656 2726 είς
677 2643 888 2733 κατασκευὴν
913 2653 987 2717 τῶν
1014 2647 1124 2736 ἑαυτῷ
1148 2644 1349 2720 δοκούντων
1375 2664 1448 2729 τοῖς
1478 2650 1657 2727 ἐναντίοις,

407 2734 458 2813 τόν
481 2740 558 2816 ούδέ
581 2739 687 2815 αὐτόν
711 2740 915 2833 άνΏριγένη
938 2748 1064 2835 εἴποιμι
1086 2744 1150 2817 τόν
1173 2742 1279 2834 λόγον
1304 2741 1493 2817 άποδοῦναι
1508 2741 1658 2815 δυνατὸν

405 2843 505 2925 τίνας·

344 2944 381 3011 έν
408 2939 547 3023 τούτοις
578 2936 818 3029 όΜάρκελλος
850 2947 989 3015 ἐναντία
1020 2942 1127 3032 φάναι
1157 2941 1253 3036 αύτῷ
1284 2942 1348 3015 τὸν
1369 2938 1518 3033 Ὦριγένη
1547 2943 1658 3014 είπών

293 3053 327 3109 25
344 3038 591 3126 κατεψεύσατο,
611 3041 656 3132 μὴ
679 3046 837 3132 δυνηθείς
859 3060 1016 3122 συνεῖναι,
1047 3039 1096 3125 αός
1117 3041 1171 3116 διὰ
1192 3049 1254 3133 μέν
1275 3048 1338 3132 τῆς
1358 3046 1528 3130 προτέρας
1549 3068 1657 3128 παρα-

346 3145 475 3223 θέσεως
497 3140 539 3212 τὸ
561 3137 746 3230 άσαόματον
772 3145 829 3213 καί
860 3136 991 3224 άπαθές
1022 3148 1087 3215 τού
1115 3141 1246 3231 πατρός
1276 3139 1411 3232 ἐδήλου,
1443 3140 1498 3213 διά
1529 3147 1564 3213 δέ
1595 3146 1657 3230 τῆς

345 3244 505 3330 δευτέρας
527 3238 569 3311 τό
590 3241 636 3331 μὴ
658 3238 773 3331 χρόνῳ
795 3239 864 3330 πρό
885 3238 1032 3313 πάντων
1054 3247 1090 3313 δέ
1112 3241 1251 3315 αίιόνων
1282 3239 1346 3313 τὸν
1367 3239 1443 3312 υίὸν
1464 3247 1657 3330 γεγεννηκέ-

344 3367 408 3411 ναι.
444 3332 545 3422 αόθις
568 3347 603 3412 δέ
624 3336 700 3430 μεθ’
724 3341 821 3432 έτερα
841 3349 920 3430 περὶ
941 3347 1006 3413 τοῦ
1020 3336 1207 3430 Ὦριγένους
1225 3351 1230 3427 Ι
1250 3336 1269 3413 ό
1292 3337 1395 3425 αύτὸς
1410 3346 1520 3412 ταῦτα
1534 3337 1658 3429 γράφει
1675 3355 1760 3424 24128

408 3443 476 3527 (Nr.
493 3445 546 3530 78)
569 3448 682 3512 καίτοι
704 3445 733 3512 εί
754 3448 806 3513 δεῖ
825 3436 973 3528 τάληθὲς
994 3448 1070 3529 περὶ
1084 3437 1272 3531 Ὡριγένους
1293 3447 1410 3526 εἰπεῖν,
1433 3445 1539 3513 τοῦτο
1553 3463 1658 3527 προσ·

433 3612 470 3667 11
491 3611 621 3681 Origenes
639 3610 669 3665 in
687 3610 754 3665 Gen.
766 3627 865 3666 oonm
878 3611 896 3663 l.
914 3611 927 3663 1
945 3610 1011 3682 (ng.
1021 3610 1182 3681 Pamphilus
1199 3611 1271 3681 apol.
1289 3614 1328 3680 3):
1345 3629 1401 3667 non
1419 3611 1494 3666 enim
1510 3610 1577 3666 deus
1594 3627 1658 3665 cum

345 3717 419 3789 prius
449 3732 505 3769 non
538 3714 610 3768 esset
638 3715 729 3782 pater.
752 3714 849 3782 ροιίοα
870 3714 949 3782 pater
977 3728 1035 3767 esse
1064 3712 1154 3784 coepit
1181 3712 1259 3768 velut
1279 3711 1427 3783 impeditus
1455 3712 1594 3781 aliquibus
1623 3728 1658 3766 ex

346 3817 434 3874 causis
461 3814 561 3885 quibus
581 3812 707 3869 hominos
725 3812 855 3869 mortales
871 3813 999 3886 impediri
1015 3812 1113 3880 solent,
1130 3816 1162 3868 ut
1178 3830 1235 3868 non
1252 3811 1346 3869 statim
1364 3830 1398 3868 ex
1416 3831 1471 3883 quo
1489 3815 1555 3868 sunt
1571 3812 1658 3868 otiam

345 3922 437 3991 patrea
459 3933 518 3972 οειε
540 3914 653 3986 possint.
696 3914 720 3968 εἰ
737 3913 810 3969 enim
828 3931 936 3985 semper
953 3914 1088 3985 perfectus
1111 3918 1153 3970 ost
1175 3914 1253 3983 deus,
1279 3931 1331 3969 noc
1353 3913 1429 3969 deest
1450 3914 1476 3970 οἱ
1497 3913 1584 3969 uirtus
1603 3931 1659 3983 qun

345 4020 485 4094 paternit,
503 4018 652 4074 othonum
670 4018 712 4071 οεί
729 4032 786 4071 esse
803 4031 866 4069 eum
877 4017 985 4087 patrem
1002 4015 1067 4069 talis
1083 4015 1143 4083 filii,
1161 4015 1227 4086 quid
1245 4015 1345 4084 diffen,
1363 4019 1413 4071 aut
1429 4014 1495 4086 quid
1513 4016 1567 4070 hoo
1582 4012 1657 4069 bono

346 4140 375 4179 se
402 4120 514 4176 fraudat
540 4122 569 4174 et
593 4134 650 4172 non
676 4117 783 4184 statim,
809 4115 833 4170 ui
855 4115 896 4171 ita
917 4114 973 4171 dici
998 4118 1101 4188 potest,
1128 4133 1162 4172 ex
1185 4133 1239 4186 quo
1261 4120 1428 4189 potestesse
1445 4118 1523 4188 pater
1540 4115 1658 4170 efficitur

346 4222 444 4294 pater?
462 4220 581 4292 idipsum
600 4221 692 4273 autem
711 4217 796 4273 etiam
814 4216 848 4272 de
865 4217 965 4287 spiritu
982 4220 1078 4273 saneto
1096 4218 1241 4274 dioendum
1260 4220 1302 4273 est
1319 4249 1353 4258 -
1371 4217 1502 4287 191ng
1520 4216 1566 4272 Nr.
1586 4219 1618 4270 77

434 4357 449 4411 l
469 4351 627 4411 ὑπόστασιν
639 4354 685 4408 Mo
709 4356 714 4422 1
738 4355 757 4410 2
775 4350 869 4423 μάτην
878 4352 915 4407 Kl
932 4353 1072 4421 μαθετνθ
1085 4353 1144 4422 (etr.
1153 4354 1203 4423 Re)
1228 4353 1234 4420 Ι
1261 4354 1298 4409 11
1317 4352 1395 4423 θεὸς]
1419 4353 1527 4408 δεοαοὶι
1544 4350 1658 4406 Lflcke‘?

347 4458 403 4529 vgl.
421 4456 495 4526 Orig.
511 4457 516 4523 1
532 4456 571 4512 15
588 4457 616 4511 τί
633 4456 674 4511 Be
695 4455 770 4511 διατί
787 4455 839 4509 We
855 4454 912 4523 vgl.
930 4451 1004 4523 Orig.
1028 4459 1033 4522 Ι
1057 4453 1096 4511 le
1114 4454 1185 4529 καλέ]
1210 4461 1244 4518 ÷
1266 4452 1319 4511 οὐκ
1335 4452 1419 4520 εὐθὺς
1436 4454 1490 4510 We
1506 4452 1563 4523 vgl.
1581 4450 1657 4522 Orig.

348 4560 353 4627 l
383 4559 419 4616 1⁷
445 4555 480 4614 ού
496 4557 603 4628 γίνεται
621 4554 763 4630 πατὴρΚῙ
780 4554 971 4624 nnchRevgl,
980 4552 1160 4624 Οτίρωίοῦίί
1184 4557 1189 4624 Ι
1212 4556 1275 4612 22t
1289 4546 1379 4611 ὧνΚΙ
1397 4550 1471 4621 έοςίί
1494 4557 1500 4622 1
1525 4549 1658 4625 ὼριγένει

347 4660 396 4727 θ’,
412 4676 480 4715 corr.
490 4657 568 4725 V1‘21
587 4653 695 4726 εἴποιμι
704 4658 744 4712 Re
763 4651 793 4713 εἴ
804 4655 884 4723 τιθΙ
905 4649 978 4712 εἶναι
992 4655 1067 4710 Zahn
1085 4647 1156 4726 ἢνθ
1178 4659 1182 4725 Ι
1207 4658 1246 4713 24
1265 4650 1374 4731 αδτῷθ
1399 4658 1404 4725 Ι
1428 4656 1467 4712 25
1487 4652 1611 4712 συνιέναι
1628 4673 1657 4709 m
