3698 5510
574 483 608 538 de
625 483 811 540 ecclesiastiea
826 484 969 554 theologia
985 485 1000 539 I
1018 488 1058 540 11.
1078 484 1117 538 12.
1462 490 1500 554 ἠ

189 674 298 738 φησιν
324 652 359 735 ἐξ
381 643 443 720 οῦκ
465 640 581 719 όντων
602 654 784 736 γεγονέναι,
807 654 884 731 ποῦς
897 654 953 720 καὶ
969 655 1046 719 τίνα
1061 642 1195 736 τρόπον
1209 642 1347 736 ῦπέστη,
1368 651 1502 738 μηδαμῆ

186 754 359 837 μηδαμῶς
381 740 467 819 ὄντα
487 743 666 834 πρότερον.
709 745 750 820 οῦ
772 747 833 837 γὰρ
860 748 901 839 δή
927 746 1014 819 κατά
1040 746 1120 829 τοῦς
1141 740 1220 834 παρ’
1242 743 1321 836 ἡμῖν
1348 755 1502 836 τεχνίτας
1536 755 1553 809 2

186 842 277 937 ύλην
301 853 599 937 προῦποκειμένην
620 847 736 965 ίαβδην
758 866 831 929 ταῖς
852 855 964 936 χερσὶν
986 846 1028 919 τὸ
1048 852 1120 918 πᾶν
1134 843 1350 936 ἐτεκτήνατο.
1386 844 1501 968 ὥσπερ

152 1044 349 1137 ὔῦπάρχον
375 1052 413 1120 ἐκ
439 1053 501 1118 τοῦ
529 1046 574 1137 μή
606 1040 709 1130 ὄντος
739 1053 786 1129 είς
808 1047 848 1120 τό
872 1047 957 1120 εἶναι
977 1052 1194 1136 προαγαγεῖν)
1226 1041 1320 1135 αῦτῷ
1351 1046 1500 1118 δυνατὸν

183 1155 351 1237 κατέστη,
381 1154 437 1218 καὶ
467 1152 604 1236 γέγονεν
625 1153 700 1218 τῶν
721 1139 814 1218 όλων
834 1145 979 1237 ποιητής
1006 1142 1047 1218 ού
1067 1143 1156 1217 κατά
1178 1144 1378 1266 άηθρωπον,
1401 1142 1501 1236 5505-

184 1276 262 1331 τοις
286 1254 326 1320 δὲ
347 1255 403 1319 καὶ
432 1242 619 1336 άφράστοις
650 1241 729 1335 ἡμῖν
760 1242 886 1335 λόγοις,
918 1240 1012 1318 οῦτω
1043 1253 1099 1317 καί
1130 1244 1220 1317 πολὺ
1249 1241 1408 1317 πλέον’
1387 1275 1408 1335 η
1439 1252 1502 1317 τοῦ

183 1352 402 1437 μονογενοῦς
424 1342 530 1417 αῦτοῦ
551 1352 704 1435 γέννησις
725 1341 986 1469 άνεξερεύνητος
1011 1352 1067 1416 καὶ
1089 1342 1387 1434 άνεξιχνίαστος
1369 1374 1412 1416 αν
1440 1350 1501 1465 εἴη,

183 1443 248 1536 ούχ
270 1443 356 1537 ἡμῖν
378 1442 427 1528 ιός
448 1443 492 1516 άν
514 1452 597 1534 φαίη
619 1474 672 1527 τις
692 1442 819 1536 μόνοις,
841 1443 928 1519 ἀλλὰ
950 1453 1006 1516 καί
1027 1442 1149 1529 πάσαις
1170 1462 1245 1528 ταῖς
1266 1440 1501 1533 κρείττοσιν“
1479 1472 1500 1534 η

136 1558 165 1610 10
181 1542 267 1617 καθ’
293 1541 381 1636 ἡμᾶς
402 1542 589 1666 δυνάμεσιν.
632 1544 676 1616 τά
674 1545 761 1669 γὰρ
781 1552 899 1635 μακρῷ
924 1544 1112 1636 τὴνφύσιν
1133 1541 1380 1635 ῦποβεβηκότα,
1402 1541 1499 1615 κάτω
1534 1550 1552 1606 3

183 1674 222 1717 τε
245 1654 309 1718 καί
330 1642 548 1733 πορρωτάτω
576 1650 637 1735 τῆς
664 1641 813 1736 άρρήτου
834 1654 889 1716 καί
912 1651 1028 1734 θείκής
1049 1651 1255 1716 καθεστῶτα
1278 1640 1401 1728 οὐσίας,
1424 1673 1500 1727 πως

183 1741 228 1815 ἂν
251 1749 412 1832 ἐφίκοιτο
435 1750 496 1835 τῆς
517 1748 671 1816 ἐπέκεινα
692 1752 748 1815 καί
771 1740 942 1816 ἀνωτάτω
969 1742 1212 1836 καταλήψεως;
1237 1751 1313 1825 πῶς
1336 1739 1368 1815 δ’
1392 1738 1435 1814 όν
1458 1742 1500 1814 τά

182 1843 229 1935 μὴ
254 1838 346 1917 ὄντα
367 1843 554 1934 πρότερον,
583 1841 628 1917 δι’
652 1841 760 1916 αῦτοῦ
780 1841 813 1916 δ’
837 1850 874 1916 έκ
895 1851 959 1916 τοῦ
980 1843 1025 1934 μή
1054 1838 1156 1927 ὄντος
1178 1848 1225 1927 εἰς
1247 1841 1288 1915 τό
1311 1842 1397 1914 εἶναι
1418 1871 1500 1930 προ·

183 1950 353 2032 αχθέντα,
376 1951 439 2018 τοῦ
461 1942 721 2034 προαγαγόντος
736 1949 848 2016 αἰτίου
863 1973 900 2015 τε
916 1941 1032 2028 αῦτοῖς
1051 1950 1112 2035 τῆς
1126 1939 1301 2031 ῦπάρξεως
1316 1948 1500 2032 γενομένου

134 2060 165 2114 15
183 2052 283 2133 σχοίη
308 2042 351 2115 όν
373 2049 434 2132 τῆς
455 2043 595 2133 πραότης
616 2049 776 2134 γενέσεως
798 2042 863 2134 τήν
882 2052 1026 2133 γνοῦσιν,·
1048 2042 1069 2135 5
1089 2043 1158 2117 ποῦ
1172 2070 1208 2131 γε
1225 2040 1315 2133 ἡμεῖς
1330 2043 1362 2114 οἳ
1376 2048 1499 2131 χθιζοί,

186 2149 317 2233 »δέρμα
337 2150 391 2214 καί
414 2149 531 2232 κρέας(
556 2146 777 2233 ἐνδεδυμένοι,
802 2139 951 2226 »ὀστέοις
972 2151 1028 2215 καὶ
1052 2143 1200 2232 νεύροις(
1225 2148 1423 2231 ένειρμέυοι,
1445 2146 1500 2210 καὶ

182 2249 268 2332 μηδὲ
292 2242 336 2315 τά
357 2238 441 2314 καθ’
464 2238 549 2333 ἡμᾶς
571 2241 707 2326 είδότες,
730 2241 794 2333 τήν
814 2250 890 2331 περὶ
913 2250 987 2315 τῶν
1010 2241 1172 2334 ἀρρήτων
1199 2240 1381 2315 ἀκίνδυνον
1402 2269 1499 2330 ποιη-

182 2341 320 2433 σόμεθα
336 2340 484 2432 ζήτησιν,
506 2348 581 2424 ποῦς
602 2347 722 2433 έγέννα
748 2350 753 2433 Ι
781 2344 845 2416 τὸν
858 2341 934 2415 υἱόν
949 2338 968 2413 5
983 2342 1097 2433 πατὴρ
1116 2348 1500 2432 πολυπραγμονοῦντες
1519 2350 1557 2406 72

184 2434 243 2513 ότι
267 2447 305 2514 δὲ
326 2447 475 2513 καὶτῶν
496 2440 588 2529 παρὰ
610 2439 719 2525 πόδας
735 2450 836 2531 μυρία
859 2443 924 2533 τήν
940 2439 1105 2532 ἡμετέραν
1121 2438 1345 2530 διαδιδράσκει
1361 2446 1497 2559 γνῶσιν,

134 2557 166 2611 20
184 2540 339 2632 δῆλον
319 2571 363 2614 αν
385 2545 435 2630 εἴη
457 2546 604 2614 ἐνθένδε.
647 2549 699 2625 τίς
729 2542 793 2631 γάρ
815 2539 858 2612 άν
879 2548 986 2613 εἰπεῖν
1008 2544 1091 2631 ἔχοι,
1122 2548 1198 2624 πῶς
1223 2551 1425 2627 καθεῖρκται
1447 2544 1497 2627 τῷ
1531 2544 1550 2597 4

185 2642 335 2763 ⁰6⁸⁰„u
345 2638 365 2731 5
388 2638 489 2761 τμυχή,
512 2648 588 2725 ποῦς
610 2645 742 2729 ἔξεισιν,
773 2648 849 2724 πῶς
876 2647 911 2713 δὲ
938 2641 1003 2732 τήν
1028 2638 1134 2732 ἀρχὴν
1161 2646 1343 2729 εἰσεκρίθη,
1375 2633 1499 2711 όποῖον

184 2746 221 2811 δὲ
246 2736 354 2829 αῦτής
375 2739 417 2812 τό
440 2741 537 2824 εἶδος,
561 2747 594 2811 τί
615 2739 657 2813 τό
679 2747 795 2832 σχῆμα,
818 2736 911 2823 τίς(
892 2769 912 2831 η
933 2740 1058 2832 μορφή,
1082 2737 1172 2825 τίς“
1152 2770 1173 2831 η
1189 2737 1301 2825 οῦσία;
1323 2732 1421 2809 οῦπω
1441 2765 1499 2826 μοι

185 2838 252 2911 τὸν
275 2846 353 2929 περὶ
375 2836 549 2930 δαιμόνων
576 2848 885 2930 πολυπραγμονεῖν,
918 2837 959 2911 οῦ
989 2839 1053 2911 τόν
1082 2847 1160 2929 περί
1192 2835 1307 2923 οῦσίας
1333 2835 1497 2927 άγγέῖων,

184 2935 226 3010 ού
249 2937 316 3010 τὸν
336 2936 455 3028 περί’
435 2947 550 3028 αρχαῦν
571 2948 627 3012 καί
649 2937 789 3027 θρόνων
810 2947 866 3012 καί
886 2939 1116 3032 κυριοτήτων,
1150 2937 1192 3012 οῦ
1217 2937 1280 3011 τὸν
1305 2946 1381 3027 περὶ
1404 2941 1493 3024 ἐξου-

135 3054 167 3110 25
184 3045 273 3110 σιῶν
294 3045 348 3109 καί
371 3037 666 3128 κοσμοκρατόρων.
709 3044 738 3110 εί
764 3034 797 3108 δ’
822 3045 860 3111 έν
882 3039 1019 3122 τούτοις
1045 3033 1171 3112 άπασιν
1192 3036 1436 3130 άμηχανοῦμεν,
1458 3043 1493 3107 τί
1526 3046 1545 3103 5

184 3143 237 3209 δεῖ
267 3137 332 3227 τήν
361 3144 437 3227 περὶ
468 3143 529 3226 τῆς
555 3133 704 3229 άνάρχου
733 3146 789 3211 καί
819 3137 987 3230 άγενήτου
1017 3137 1186 3229 θεότητος
1217 3146 1344 3229 γνοῦσιν
1373 3143 1494 3223 διερευ

186 3243 332 3322 νάσθαι;
353 3245 387 3308 τί
408 3236 452 3358 τά
474 3233 639 3323 ἀνέφικτα
654 3243 798 3327 ἐρωτᾶν,
820 3246 897 3324 πῶς
912 3242 986 3311 υἱοῦ
999 3246 1206 3330 μονογενοῦς
1228 3233 1247 3308 5
1270 3236 1351 3321 θεὸς
1365 3233 1494 3324 ῦπέστη

184 3335 310 3427 πατήρ,
333 3333 381 3420 σός
401 3334 446 3426 μή
469 3332 683 3427 άπαρκούσης
704 3335 784 3429 ἡμῖν
805 3345 867 3429 τῆς
882 3347 1049 3430 πατρικῆς
1068 3344 1187 3428 φωνῆς
1206 3336 1293 3423 πρὸς
1306 3343 1495 3425 μαρτυρίαν

186 3444 251 3510 τοῦ
282 3434 475 3526 ἀγαπητοῦ,
507 3430 548 3508 όν
577 3433 781 3528 άνεκήρυξεν
811 3440 919 3512 είπων
952 3431 1072 3522 »οὗτός
1102 3432 1246 3509 ἐστιν
1227 3466 1246 3508 ο
1276 3432 1349 3518 υἱός
1378 3463 1444 3524 μου
1475 3429 1494 3505 5

137 3553 169 3608 30
185 3532 377 3627 άγαπητός,
408 3526 503 3606 έν
477 3565 506 3625 φ
540 3532 719 3658 ηῦδόκησα,
750 3535 857 3610 αῦτοῦ
887 3535 1065 3624 άκούετε«,·
1094 3542 1123 3609 εἰ
1153 3537 1193 3627 δή
1225 3533 1361 3608 άκούειν
1388 3530 1494 3605 αύτοῦ
1528 3551 1547 3608 δ

185 3634 406 3725 ἐγκελεύεται,
427 3642 590 3759 βασιλικῷ
613 3635 709 3728 νόμῳ
727 3644 993 3727 πειθαρχοῦντες
1015 3634 1212 3726 ἀκούσωμεν
1233 3641 1295 3706 τοῦ
1316 3631 1495 3726 ἀγαπητοῦ

185 3739 270 3807 υἱοῦ.
313 3744 348 3807 τί
370 3726 526 3818 δέοντος
555 3738 679 3826 περὶέ
681 3744 787 3808 αυτοῦ
816 3736 974 3823 βούλεται
1005 3733 1090 3827 ήμᾶς
1121 3742 1258 3819 εἰδέναι,
1289 3731 1495 3824 παραστήσει

185 3843 297 3924 λέγων
326 3826 457 3918 »οῦτως
487 3834 550 3924 γάρ
580 3832 751 3926 ἠγάπησεν
782 3832 800 3908 5
830 3834 913 3920 θεὸς
943 3835 1006 3908 τόν
1036 3833 1176 3926 κόσμον,
1207 3833 1296 3907 ὥστε
1327 3834 1389 3907 τὸν
1418 3833 1494 3905 υἱὸν

186 3932 294 4006 αῦτοῦ
325 3932 389 4005 τόν
420 3941 590 4025 μονογενῆ
621 3938 760 4020 ἔδωκεν,
792 3940 848 4007 ἵνα
879 3942 946 4017 πᾶς
977 3931 995 4007 5
1031 3935 1203 4008 πιστεύων
1233 3940 1280 4017 εἰς
1307 3930 1414 4004 αὐτόν
1437 3936 1493 4021 ἔχη

273 4105 312 4160 1ss
330 4104 402 4160 Hiob
420 4105 462 4173 10,
480 4107 511 4159 11
530 4135 563 4144 -
582 4105 622 4161 24
640 4104 703 4160 Kol.
721 4110 745 4170 1,
764 4108 846 4162 16-
865 4106 927 4162 211
942 4104 1011 4177 Eph.
1029 4108 1096 4172 512
1112 4136 1147 4147 —
1165 4107 1203 4162 29
1217 4105 1321 4160 Matth.
1340 4106 1380 4170 17,
1395 4105 1411 4157 5
1431 4103 1493 4156 Par.

186 4237 220 4246 -
238 4206 275 4263 31
295 4205 357 4261 Jak.
375 4206 399 4269 2,
416 4206 434 4259 8
451 4236 484 4245 -
503 4205 542 4262 311
560 4206 621 4263 Joh.
640 4208 665 4273 ³,
684 4208 717 4263 16

271 4356 355 4412 4τδ1
372 4355 468 4410 ΚῙτιῖι
486 4355 525 4409 V‘
544 4363 629 4412 τοῦτο
648 4358 687 4411 V²
718 4360 722 4425 Ι
754 4359 772 4414 5
796 4364 975 4431 προαγαγεῖν
993 4358 1030 4412 Kl
1055 4356 1276 4429 παραγαγεῖν1ί
1302 4358 1358 4427 vgl.
1377 4357 1405 4411 Z.
1423 4358 1455 4410 13
1488 4357 1490 4397 V

187 4454 321 4526 Θαύτοῦ]
340 4463 372 4520 -1-
390 4451 454 4511 υἱοῦ
464 4455 511 4511 Mo
543 4459 547 4524 Ι
578 4455 690 4526 γένησις
707 4459 756 4524 V*,
775 4477 843 4515 corr.
857 4460 895 4515 V²
926 4460 985 4527 111
1004 4459 1223 4531 προαγαγόντος
1240 4477 1254 4512 r
1271 4458 1494 4531 παραγαγόντος

187 4557 209 4610 V
244 4560 248 4617 Ι
282 4557 319 4613 15
337 4562 387 4627 τῆς
404 4558 456 4626 (τις
474 4558 523 4626 Vc)
541 4557 597 4628 πρὸ
617 4565 665 4627 τῆς
683 4560 716 4625 V,
734 4576 801 4615 corr.
820 4561 859 4616 Re
882 4565 886 4629 Ι
911 4561 949 4616 21
969 4561 1054 4631 φυγή]
1074 4568 1106 4625 ÷
1125 4559 1163 4629 5¹?
1190 4564 1193 4628 Ι
1227 4561 1265 4617 23
1284 4558 1437 4629 δαιμόνων]
1459 4566 1493 4621 4-

186 4657 275 4729 λόγον
284 4658 330 4714 Mo
362 4659 367 4726 Ι
400 4659 440 4714 24
458 4659 520 4715 τδνι
537 4678 565 4714 m
582 4660 683 4715 tfflvV
