3728 5508
663 475 761 532 eoum
777 473 939 530 Maroenum
957 470 983 527 11
1000 474 1025 525 4.
1460 485 1499 546 55

248 636 349 712 οὕτω
372 667 447 723 πως
468 639 578 712 είπάν
602 637 693 710 »είτα
715 635 756 709 τό
779 643 891 721 τέλος,
921 628 1008 708 όταν
1037 641 1214 727 παραδιδῷ
1242 635 1308 727 τὴν
1328 646 1501 723 βασιλείαν

248 747 302 831 τῷ
325 745 402 830 θεῷ
424 746 479 810 καί
500 744 635 826 πατρία.

185 837 328 922 τούτοις
351 835 426 929 μεθ’
450 838 548 927 ίτερα
568 842 713 926 ἐπιλέγει
1518 848 1552 904 13

247 943 323 1026 (Nr.
347 944 417 1028 106)
448 934 573 1011 οὐκοῦν
603 932 645 1008 οὐ
675 931 717 1006 δι’
740 930 877 1022 ἑαυτόν,
907 931 995 1007 ἀλλά
1017 929 1059 1007 δι’
1082 932 1167 1027 ἡμᾶς
1190 936 1253 1027 τὴν
1276 933 1501 1028 ἀνθρωπίνην

156 1051 170 1104 5
247 1035 437 1128 ἀνείληφεν
458 1033 572 1126 σάρκα.
616 1042 644 1107 εί
665 1041 701 1107 δὲ
723 1031 763 1107 δι’
786 1032 872 1126 ἡμᾶς
896 1031 1093 1126 ἀνειληφώς
1120 1044 1295 1124 φαίνεται,
1324 1033 1440 1109 πάντα
1465 1043 1502 1110 δὲ

246 1136 292 1209 τά
315 1133 397 1209 καθ’
421 1132 506 1227 ἡμᾶς
527 1143 570 1226 τῇ
593 1130 700 1207 αὐτοῦ
720 1140 867 1227 προνοίᾳ
892 1141 948 1205 καί
974 1137 1123 1228 ἐνεργείᾳ
1153 1140 1192 1208 ἐν
1222 1143 1274 1228 τῷ
1304 1143 1412 1227 καιρῷ
1441 1144 1502 1228 τῆς

245 1246 394 1326 κρίσεως
415 1243 534 1320 τέλους
555 1234 721 1322 τεύξεται,
754 1229 868 1307 οάκέτι
899 1231 977 1307 οάόέ
1003 1232 1130 1325 ταύτης
1155 1241 1218 1327 τῆς
1243 1238 1281 1306 ἐν
1301 1243 1392 1326 μέρει
1412 1250 1501 1327 βασι·

247 1345 346 1421 λείας
366 1338 460 1408 ἐσται
480 1341 582 1423 χρεία

185 1443 297 1509 ταῦτα
330 1430 533 1524 Μάρκελλος
562 1433 685 1519 εἰπών,
722 1435 795 1506 εἶτα
831 1431 1099 1525 συναισθόμενος
1135 1435 1259 1506 ἑαυτοῦ
1288 1440 1335 1518 εἰς
1365 1435 1502 1510 ἀτοπον

140 1550 169 1605 10
185 1530 466 1619 ἐκπεπτωκότας,
487 1541 719 1624 προστίθησιν
740 1550 812 1617 τοῖς
834 1538 1019 1624 εἰρημένοις
1042 1539 1151 1605 ταῦτα

246 1638 322 1723 (Nr.
341 1640 412 1721 107)
434 1640 465 1707 εί
486 1640 523 1706 δέ
544 1663 596 1717 τις
617 1638 720 1721 λέγοι,
742 1631 796 1704 διὰ
818 1638 924 1705 τοῦτο
948 1631 1013 1723 τὴν
1034 1627 1260 1723 ἀνθρωπίνην
1281 1630 1390 1724 σάρκα
1403 1631 1503 1723 ἀξίαν

216 1740 220 1747 ’
246 1737 339 1807 είναι
360 1740 424 1808 τοῦ
445 1729 559 1822 λόγου,
582 1725 638 1804 ότι
660 1730 714 1804 διά
736 1738 798 1822 τῆς
818 1727 1036 1815 ἀναστάσεως
1055 1729 1235 1806 ἀθάνατον
1257 1730 1366 1825 αὐτὴν
1387 1731 1500 1825 ἀπειρ-

247 1831 395 1924 γάσατο,
425 1832 551 1922 γνώτω
573 1826 629 1904 ὅτι
650 1829 691 1904 οὗ
711 1838 796 1915 πᾶν,
828 1824 912 1920 ὅπερ
934 1826 1127 1917 ἀθάνατον,
1159 1839 1264 1906 τοῦτο
1292 1832 1389 1921 ἀξιον
1408 1842 1501 1908 θεοῦ.

245 1942 376 2023 μείζων
397 1932 460 2024 γὰρ
481 1940 537 2003 καὶ
559 1928 664 2021 αὐτῆς
686 1937 748 2022 τῆς
768 1928 959 2014 ἀθανασίας
980 1925 1000 2002 ό
1021 1926 1113 2015 θεός,
1136 1925 1214 2021 ότῇ
1236 1931 1360 2006 ἑαυτοῦ
1380 1933 1501 2027 βουλή·
1519 1943 1553 1997 14

140 2048 168 2100 15
248 2058 301 2106 σει
324 2042 381 2105 καὶ
403 2032 447 2105 τὰ
468 2032 512 2123 μὴ
536 2024 622 2104 όντα
643 2026 802 2103 ἀθάνατα
828 2050 942 2104 ποιεῖν
973 2028 1165 2122 δυνάμενος.
1209 2024 1264 2104 ότι
1294 2039 1330 2105 δέ
1360 2031 1403 2107 οό
1431 2041 1503 2109 πᾶν

248 2129 293 2204 τό
317 2127 498 2206 ἀθάνατον
520 2127 677 2221 ἡνῶσθαι
698 2138 770 2222 θεῷ
793 2129 892 2219 ἀξιον
914 2128 1021 2220 δῆλόν
1045 2136 1116 2203 ἐστι
1143 2140 1199 2204 καί
1220 2127 1290 2205 ἀπό
1312 2139 1377 2206 τοῦ
1397 2130 1502 2225 ἀρχάς

248 2239 309 2303 καί
331 2235 484 2320 ἐξουσίας
504 2236 559 2303 καί
581 2225 743 2319 ἀγγέλους
762 2235 767 2318 Ι
786 2225 983 2313 ἀθανάτους
1004 2224 1109 2315 ὄντας
1131 2236 1236 2322 μηόέν
1261 2237 1433 2324 διαφέρειν
1459 2241 1503 2324 τῇ
1519 2257 1559 2314 58

248 2329 392 2421 ένότητι
414 2336 477 2404 τοῦ
497 2335 590 2403 θεοῦ.

186 2428 284 2504 ταῦτ’
310 2431 421 2502 είπάιν
446 2436 503 2502 καὶ
528 2427 642 2517 ὥσπερ
664 2435 711 2512 είς
731 2427 842 2515 βυθόν
857 2424 1002 2512 ἀτοπίας
1017 2430 1142 2503 ἐαυτὸν
1157 2429 1405 2504 ἐκπεπτωκότα
1427 2457 1502 2506 συν·
1520 2453 1553 2506 15

139 2548 170 2604 10
187 2526 398 2621 αισθόμενος
434 2526 676 2603 ἀνακαλεῖσθαι
710 2534 883 2615 πειρᾶται,
919 2525 1053 2616 τρόπον
1083 2528 1161 2603 τινά
1190 2529 1501 2623 ἐξομολογούμενος

187 2623 243 2702 ότι
265 2635 372 2720 μηδὲν
393 2625 561 2720 ἠπίστατο
585 2620 637 2700 ὧν
659 2630 783 2717 έλεγεν·
820 2628 872 2700 διὸ
894 2625 1011 2719 ἐπάγει
1032 2635 1144 2720 λέγων

249 2733 411 2818 (Νε.108)
434 2735 464 2802 εί
485 2733 523 2800 δέ
542 2756 595 2811 τις
615 2734 692 2816 περὶ
713 2732 775 2817 τῆς
797 2727 920 2818 σαρκὸς
942 2727 1070 2818 ταύτης
1091 2735 1153 2820 τῆς
1174 2733 1211 2801 ἐν
1233 2735 1284 2820 τῷ
1306 2726 1399 2820 λόγῳ
1414 2727 1500 2805 ἀθα-

250 2826 363 2902 νάτου
383 2835 558 2918 γεγονυίας
578 2824 806 2911 πυνθάνοιτο,
829 2835 864 2899 τί
886 2856 997 2918 φαμεν
1015 2829 1102 2918 πρὸς
1123 2825 1246 2916 αάτόν;
1267 2823 1323 2901 ότι
1346 2836 1501 2921 δογματί-

250 2940 323 3017 ζειν
344 2934 405 3018 μὲν
426 2924 519 3019 ἡμεῖς
540 2934 617 3016 περὶ
639 2918 692 2998 σόν
712 2925 757 3018 μὴ
780 2925 927 3016 ἀκριβῶς
941 2927 1034 3019 παρά
1050 2934 1125 3000 τῶν
1139 2935 1247 3002 θείων
1260 2928 1501 3022 μεμαθήκαμεν

253 3034 400 3119 γραφῶν
422 3023 485 3099 οὐκ
506 3022 655 3114 ἀσφαλὲς
676 3028 763 3098 εἶναι
784 3034 973 3118 νομίζομεν.
1015 3035 1092 3113 πῶς
1118 3027 1181 3119 γάρ
1207 3035 1313 3102 τοῦτο
1334 3027 1501 3120 πράττειν
1517 3043 1551 3101 15

249 3128 402 3201 δυνατόν
424 3144 498 3209 τοῖς
518 3133 574 3197 καὶ
595 3125 639 3198 τό
661 3128 790 3216 ἑτέρων
810 3122 1062 3215 ἀνατρέπουσιν
1080 3125 1248 3218 δόγματος
1272 3125 1345 3201 ἀλλ’
1360 3133 1500 3221 ἐροῦμεν
1517 3146 1550 3201 11

247 3227 339 3315 πρὸς
361 3226 441 3311 τούς
462 3224 527 3297 τόν
548 3221 667 3316 ἀκριβῆ
689 3232 766 3314 περί
787 3224 917 3299 τούτου
928 3237 1053 3314 μαθεῖν
1066 3224 1146 3318 παρ’
1162 3225 1259 3319 ἡμῶν
1273 3235 1499 3319 βουλομένους

250 3323 369 3416 λόγον,
396 3319 452 3399 ότι
472 3321 675 3416 πειθόμενοι
695 3334 747 3417 τῷ
770 3328 850 3416 ίερῷ
872 3323 1058 3415 άποστόλω
1081 3331 1174 3417 ίσμεν
1196 3322 1251 3400 ότι
1273 3320 1385 3412 οὕτως
1414 3324 1500 3419 ἡμᾶς

251 3423 337 3515 ἀρᾶν
358 3425 401 3498 τά
423 3420 700 3517 ἀποκεκρυμμένα
721 3422 887 3517 μυστήρια
907 3425 1086 3517 προσήκει,
1116 3424 1165 3511 σός
1191 3423 1295 3510 αὐτὸς
1322 3430 1387 3517 ἐφη
1410 3433 1499 3512 νβλέ·

251 3553 363 3614 πομεν
384 3524 447 3615 γὰρ
469 3523 565 3613 ἀρτιι
593 3532 698 3617 φησὶν
721 3520 781 3598 »δι’
803 3521 973 3613 ἐσόπτρου
994 3530 1032 3598 ἐν
1054 3531 1233 3617 αἰνίγματι,
1256 3523 1337 3599 τότε
1359 3532 1394 3597 δέ
1416 3522 1499 3615 πρό·

252 3650 373 3698 σωπον
392 3622 479 3715 πρὸς
499 3623 700 3714 πρόσωπον·
723 3624 802 3714 ἀρτι
822 3625 1035 3715 γινώσκομεν
1056 3631 1094 3698 ἐκ
1114 3632 1245 3715 μέρους,
1267 3621 1349 3698 τότε
1371 3630 1407 3697 όέ
1428 3630 1499 3697 ἐπι·

251 3721 456 3848 γνωσόμεθα
476 3726 597 3808 καθώς
617 3733 674 3796 καὶ
695 3724 990 3815 ἐπεγνώσθημενι.
1033 3722 1123 3797 ὥστε
1150 3724 1195 3816 μή
1221 3754 1288 3815 μου
1315 3724 1499 3799 πυνθάνου

252 3831 329 3911 περί
350 3853 402 3895 ων
424 3831 543 3913 σαφῶς
565 3824 656 3915 παρὰ
672 3829 733 3913 τῆς
754 3830 850 3908 θείας
869 3830 1001 3915 γραφῆς
1022 3822 1067 3914 μὴ
1085 3823 1272 3916 μεμάθηκα.
1313 3823 1368 3897 όιά
1392 3830 1497 3898 τοῦτο
1516 3839 1552 3895 18

252 3932 373 3996 τοίνυν
393 3919 471 3996 οὐδὲ
492 3934 570 4015 περὶ
592 3929 653 4014 τῆς
675 3931 771 4008 θείας
792 3929 920 4012 ἐκείνης
946 3930 1007 4013 τῆς
1034 3930 1085 4014 τῷ
1109 3931 1195 4016 θείῳ
1217 3921 1311 4015 λόγῳ
1333 3952 1498 4015 κοινωνη·

277 4146 292 4201 l
312 4144 325 4198 Ι
342 4144 407 4199 Κοε.
426 4148 466 4213 15,
483 4145 517 4199 24
534 4174 567 4185 -
586 4145 740 4203 2911101.
759 4149 799 4210 13.
818 4148 851 4201 12

278 4346 315 4401 le
331 4340 392 4400 ἐστι
409 4345 446 4400 Κ]
464 4339 552 4402 &av
578 4347 583 4414 Ι
610 4347 645 4401 17
666 4342 754 4415 μηδὲν
771 4344 812 4400 V*
830 4343 902 4416 μηδὲ
919 4347 959 4400 V0
986 4349 992 4415 Ι
1017 4345 1191 4420 διαφέρειντ
1213 4346 1403 4417 διαφορείνν
1430 4348 1435 4414 Ι
1458 4346 1497 4402 21

191 4442 236 4503 ότι
248 4445 277 4500 in
292 4445 354 4501 Ram
364 4447 510 4503 v.3Bb.V
537 4448 542 4515 Ι
568 4447 630 4503 211
639 4444 730 4518 λέγων
742 4446 795 4515 (od.
806 4440 925 4518 λόγον’ί)
938 4444 966 4504 εί
981 4445 1011 4504 δέ
1028 4466 1070 4514 τις
1086 4450 1153 4522 περί
1169 4449 1234 4504 inv
1251 4448 1308 4503 ίεείι
1324 4447 1500 4516 ααΙεεετῙὶοΙι,

192 4548 265 4604 doch
281 4548 338 4618 vgl.
356 4548 419 4603 and.
437 4548 476 4603 St„
502 4550 508 4618 Ι
535 4549 575 4606 24
592 4546 672 4621 παρὰ
690 4547 753 4604 and„
771 4548 810 4604 85
828 4551 894 4621 περί
911 4550 936 4603 V
961 4550 968 4619 Ι
994 4550 1110 4607 27-29
1129 4547 1243 4622 πρὸς-
1256 4545 1499 4621 ἀποκεκρυμμένα

193 4647 257 4705 nn&
265 4647 317 4712 sm
334 4647 395 4704 hier
406 4649 443 4705 ἰιί
454 4647 528 4719 τοὺς,
540 4648 739 4722 βουλομένους,
757 4646 911 4724 ἀποστίλῳ
938 4647 1179 4724 ἀποκεκρυμμένα
1192 4651 1222 4705 in
1231 4651 1256 4705 V
1266 4650 1321 4707 fast
1332 4650 1499 4707 unlmrlich
