<?xml version="1.0" encoding="UTF-8"?>
<!DOCTYPE html PUBLIC "-//W3C//DTD XHTML 1.0 Transitional//EN"
    "http://www.w3.org/TR/xhtml1/DTD/xhtml1-transitional.dtd">
<html xmlns="http://www.w3.org/1999/xhtml" xml:lang="en" lang="en">
 <head>
  <title>
</title>
<meta http-equiv="Content-Type" content="text/html;charset=utf-8" />
  <meta name='ocr-system' content='tesseract 3.04.00' />
  <meta name='ocr-capabilities' content='ocr_page ocr_carea ocr_par ocr_line ocrx_word'/>
</head>
<body>
  <div class='ocr_page' id='page_1' title='image "./diegriechischen01religoog/diegriechischen01religoog_0064.png"; bbox 0 0 3728 5508; ppageno 0'>
   <div class='ocr_carea' id='block_1_1' title="bbox 333 448 1043 517">
    <p class='ocr_par' dir='ltr' id='par_1_1' title="bbox 333 448 1043 517">
     <span class='ocr_line' id='line_1_1' title="bbox 333 448 1043 517; baseline -0.008 -10"><span class='ocrx_word' id='word_1_1' title='bbox 333 456 371 517; x_wconf 86' lang='grc'><em>16</em></span> <span class='ocrx_word' id='word_1_2' title='bbox 910 448 1043 502; x_wconf 80' lang='lat' dir='ltr'>Eusebius</span> 
     </span>
    </p>
   </div>
   <div class='ocr_carea' id='block_1_2' title="bbox 330 608 1690 801">
    <p class='ocr_par' dir='ltr' id='par_1_2' title="bbox 330 608 1690 801">
     <span class='ocr_line' id='line_1_2' title="bbox 413 608 1690 701; baseline 0.001 -21"><span class='ocrx_word' id='word_1_3' title='bbox 413 612 467 682; x_wconf 87' lang='grc' dir='ltr'><em>διὰ</em></span> <span class='ocrx_word' id='word_1_4' title='bbox 490 610 663 682; x_wconf 81' lang='grc' dir='ltr'><strong><em>τοιούτων</em></strong></span> <span class='ocrx_word' id='word_1_5' title='bbox 685 608 884 697; x_wconf 78' lang='grc' dir='ltr'><em>Μάρκελλος</em></span> <span class='ocrx_word' id='word_1_6' title='bbox 905 617 1131 697; x_wconf 86' lang='grc' dir='ltr'><em>παραθέσεοιν</em></span> <span class='ocrx_word' id='word_1_7' title='bbox 1163 612 1227 701; x_wconf 83' lang='grc' dir='ltr'><em>τὴν</em></span> <span class='ocrx_word' id='word_1_8' title='bbox 1259 615 1438 700; x_wconf 77' lang='grc' dir='ltr'><strong><em>ἐκκλησίαν</em></strong></span> <span class='ocrx_word' id='word_1_9' title='bbox 1464 620 1528 684; x_wconf 93' lang='grc' dir='ltr'><em>τοῦ</em></span> <span class='ocrx_word' id='word_1_10' title='bbox 1555 621 1640 685; x_wconf 93' lang='grc' dir='ltr'><em>θεοῦ</em></span> <span class='ocrx_word' id='word_1_11' title='bbox 1673 629 1690 681; x_wconf 84' lang='grc'>9</span> 
     </span>
     <span class='ocr_line' id='line_1_3' title="bbox 330 705 1640 801; baseline 0.002 -22"><span class='ocrx_word' id='word_1_12' title='bbox 330 709 498 782; x_wconf 76' lang='grc' dir='ltr'><em>διδάσκειν</em></span> <span class='ocrx_word' id='word_1_13' title='bbox 522 711 582 792; x_wconf 86' lang='grc' dir='ltr'><em>τάς</em></span> <span class='ocrx_word' id='word_1_14' title='bbox 605 710 857 793; x_wconf 80' lang='grc' dir='ltr'><em>θεοπνεύστοος</em></span> <span class='ocrx_word' id='word_1_15' title='bbox 880 730 970 781; x_wconf 89' lang='grc' dir='ltr'><em>νοεῖν</em></span> <span class='ocrx_word' id='word_1_16' title='bbox 992 719 1148 799; x_wconf 80' lang='grc' dir='ltr'><em>πειρᾶται</em></span> <span class='ocrx_word' id='word_1_17' title='bbox 1169 708 1307 798; x_wconf 87' lang='grc' dir='ltr'><em>γραφάς.</em></span> <span class='ocrx_word' id='word_1_18' title='bbox 1351 705 1437 799; x_wconf 85' lang='grc' dir='ltr'><em>όλην</em></span> <span class='ocrx_word' id='word_1_19' title='bbox 1460 719 1495 783; x_wconf 87' lang='grc' dir='ltr'><em>δέ</em></span> <span class='ocrx_word' id='word_1_20' title='bbox 1510 711 1640 801; x_wconf 81' lang='grc' dir='ltr'><em>ταύτην</em></span> 
     </span>
    </p>
   </div>
   <div class='ocr_carea' id='block_1_3' title="bbox 277 808 1697 4086">
    <p class='ocr_par' dir='ltr' id='par_1_3' title="bbox 328 808 1640 1002">
     <span class='ocr_line' id='line_1_4' title="bbox 329 808 1639 901; baseline 0.005 -22"><span class='ocrx_word' id='word_1_21' title='bbox 329 817 526 900; x_wconf 76' lang='grc' dir='ltr'><em>παρεθέμην</em></span> <span class='ocrx_word' id='word_1_22' title='bbox 547 811 612 901; x_wconf 81' lang='grc' dir='ltr'><em>τήν</em></span> <span class='ocrx_word' id='word_1_23' title='bbox 633 810 765 898; x_wconf 86' lang='grc' dir='ltr'><em>μακράν</em></span> <span class='ocrx_word' id='word_1_24' title='bbox 793 817 848 881; x_wconf 86' lang='grc' dir='ltr'><em>καί</em></span> <span class='ocrx_word' id='word_1_25' title='bbox 876 808 1062 898; x_wconf 76' lang='grc' dir='ltr'><em>ἀδόλεσχον</em></span> <span class='ocrx_word' id='word_1_26' title='bbox 1092 819 1353 899; x_wconf 74' lang='grc' dir='ltr'><em>περιττολογίαν</em></span> <span class='ocrx_word' id='word_1_27' title='bbox 1383 818 1487 896; x_wconf 76' lang='grc' dir='ltr'><em>δεῖξαι</em></span> <span class='ocrx_word' id='word_1_28' title='bbox 1516 811 1639 895; x_wconf 88' lang='grc' dir='ltr'><em>βουλό·</em></span> 
     </span>
     <span class='ocr_line' id='line_1_5' title="bbox 328 906 1640 1002; baseline 0.004 -24"><span class='ocrx_word' id='word_1_29' title='bbox 328 937 430 993; x_wconf 89' lang='grc' dir='ltr'><em>μενος</em></span> <span class='ocrx_word' id='word_1_30' title='bbox 444 907 550 981; x_wconf 84' lang='grc' dir='ltr'><em>αάτοῦ</em></span> <span class='ocrx_word' id='word_1_31' title='bbox 566 910 629 999; x_wconf 85' lang='grc' dir='ltr'><em>τήν</em></span> <span class='ocrx_word' id='word_1_32' title='bbox 644 910 766 981; x_wconf 78' lang='grc' dir='ltr'><em>ἄνοιαν</em></span> <span class='ocrx_word' id='word_1_33' title='bbox 781 917 842 999; x_wconf 81' lang='grc' dir='ltr'><em>τῆς</em></span> <span class='ocrx_word' id='word_1_34' title='bbox 862 916 992 998; x_wconf 80' lang='grc' dir='ltr'><em>πολλῆς</em></span> <span class='ocrx_word' id='word_1_35' title='bbox 1016 917 1070 981; x_wconf 86' lang='grc' dir='ltr'><em>καί</em></span> <span class='ocrx_word' id='word_1_36' title='bbox 1094 907 1234 997; x_wconf 89' lang='grc' dir='ltr'><em>ἀκαίρου</em></span> <span class='ocrx_word' id='word_1_37' title='bbox 1256 919 1459 1000; x_wconf 74' lang='grc' dir='ltr'><em>φιλοτιμίας,</em></span> <span class='ocrx_word' id='word_1_38' title='bbox 1481 906 1502 1000; x_wconf 73' lang='grc' dir='ltr'><em>ᾗ</em></span> <span class='ocrx_word' id='word_1_39' title='bbox 1526 920 1640 1002; x_wconf 86' lang='grc' dir='ltr'><em>κέχρη-</em></span> 
     </span>
    </p>

    <p class='ocr_par' dir='ltr' id='par_1_4' title="bbox 277 1005 1697 1498">
     <span class='ocr_line' id='line_1_6' title="bbox 277 1005 1641 1099; baseline 0.001 -20"><span class='ocrx_word' id='word_1_40' title='bbox 277 1027 295 1079; x_wconf 80' lang='grc'>5</span> <span class='ocrx_word' id='word_1_41' title='bbox 331 1037 385 1079; x_wconf 91' lang='grc' dir='ltr'><em>ται</em></span> <span class='ocrx_word' id='word_1_42' title='bbox 409 1005 428 1080; x_wconf 87' lang='grc' dir='ltr'><em>ό</em></span> <span class='ocrx_word' id='word_1_43' title='bbox 451 1006 545 1099; x_wconf 85' lang='grc' dir='ltr'><em>ἀνήρ,</em></span> <span class='ocrx_word' id='word_1_44' title='bbox 568 1018 642 1080; x_wconf 88' lang='grc' dir='ltr'><em>τῶν</em></span> <span class='ocrx_word' id='word_1_45' title='bbox 663 1016 725 1099; x_wconf 71' lang='grc' dir='ltr'><em>μέν</em></span> <span class='ocrx_word' id='word_1_46' title='bbox 745 1007 950 1099; x_wconf 73' lang='grc' dir='ltr'><em>Ἑλληνικῶν</em></span> <span class='ocrx_word' id='word_1_47' title='bbox 973 1007 1085 1099; x_wconf 88' lang='grc' dir='ltr'><em>λόγων</em></span> <span class='ocrx_word' id='word_1_48' title='bbox 1107 1015 1349 1093; x_wconf 77' lang='grc' dir='ltr'><em>ἐπιδεικτικῶς,</em></span> <span class='ocrx_word' id='word_1_49' title='bbox 1378 1020 1453 1083; x_wconf 93' lang='grc' dir='ltr'><em>τῶν</em></span> <span class='ocrx_word' id='word_1_50' title='bbox 1475 1019 1511 1084; x_wconf 83' lang='grc' dir='ltr'><em>δέ</em></span> <span class='ocrx_word' id='word_1_51' title='bbox 1533 1022 1641 1084; x_wconf 89' lang='grc' dir='ltr'><em>θείων</em></span> 
     </span>
     <span class='ocr_line' id='line_1_7' title="bbox 330 1104 1692 1200; baseline 0.005 -21"><span class='ocrx_word' id='word_1_52' title='bbox 330 1104 541 1198; x_wconf 88' lang='grc' dir='ltr'><em>ἀμνημόνως.</em></span> <span class='ocrx_word' id='word_1_53' title='bbox 586 1107 626 1180; x_wconf 86' lang='grc' dir='ltr'><em>οῦ</em></span> <span class='ocrx_word' id='word_1_54' title='bbox 648 1110 710 1198; x_wconf 82' lang='grc' dir='ltr'><em>γάρ</em></span> <span class='ocrx_word' id='word_1_55' title='bbox 738 1109 780 1180; x_wconf 86' lang='grc' dir='ltr'><em>ἀν</em></span> <span class='ocrx_word' id='word_1_56' title='bbox 810 1129 896 1180; x_wconf 90' lang='grc' dir='ltr'><em>ποτε</em></span> <span class='ocrx_word' id='word_1_57' title='bbox 928 1115 972 1192; x_wconf 90' lang='grc' dir='ltr'><em>είς</em></span> <span class='ocrx_word' id='word_1_58' title='bbox 1004 1108 1174 1198; x_wconf 84' lang='grc' dir='ltr'><em>τοσαύτην</em></span> <span class='ocrx_word' id='word_1_59' title='bbox 1205 1115 1363 1196; x_wconf 76' lang='grc' dir='ltr'><em>ἐξέπιπτε</em></span> <span class='ocrx_word' id='word_1_60' title='bbox 1397 1121 1580 1200; x_wconf 84' lang='grc' dir='ltr'><em>φλυαρίαν,</em></span> <span class='ocrx_word' id='word_1_61' title='bbox 1612 1118 1640 1183; x_wconf 88' lang='grc' dir='ltr'><em>εί</em></span> <span class='ocrx_word' id='word_1_62' title='bbox 1658 1132 1692 1186; x_wconf 83' lang='grc'><em>10</em></span> 
     </span>
     <span class='ocr_line' id='line_1_8' title="bbox 332 1202 1640 1300; baseline 0.002 -20"><span class='ocrx_word' id='word_1_63' title='bbox 332 1218 406 1280; x_wconf 89' lang='grc' dir='ltr'><em>τῶν</em></span> <span class='ocrx_word' id='word_1_64' title='bbox 428 1207 670 1281; x_wconf 89' lang='grc' dir='ltr'><em>ἀποστολικῶν</em></span> <span class='ocrx_word' id='word_1_65' title='bbox 692 1213 856 1298; x_wconf 88' lang='grc' dir='ltr'><em>ἐμέμνητο</em></span> <span class='ocrx_word' id='word_1_66' title='bbox 879 1206 1181 1297; x_wconf 76' lang='grc' dir='ltr'><em>παραγγελμάτων,</em></span> <span class='ocrx_word' id='word_1_67' title='bbox 1204 1206 1245 1280; x_wconf 76' lang='grc' dir='ltr'><em>δι’</em></span> <span class='ocrx_word' id='word_1_68' title='bbox 1270 1202 1320 1280; x_wconf 87' lang='grc' dir='ltr'><em>ῶν</em></span> <span class='ocrx_word' id='word_1_69' title='bbox 1340 1231 1500 1297; x_wconf 81' lang='grc' dir='ltr'><em>παραινεῖ</em></span> <span class='ocrx_word' id='word_1_70' title='bbox 1518 1217 1640 1300; x_wconf 82' lang='grc' dir='ltr'><em>χρῆναι</em></span> 
     </span>
     <span class='ocr_line' id='line_1_9' title="bbox 334 1305 1697 1397; baseline 0.006 -18"><span class='ocrx_word' id='word_1_71' title='bbox 334 1309 394 1379; x_wconf 73' lang='grc' dir='ltr'><em>»τὰ</em></span> <span class='ocrx_word' id='word_1_72' title='bbox 416 1305 483 1380; x_wconf 84' lang='grc' dir='ltr'><em>ῦπό</em></span> <span class='ocrx_word' id='word_1_73' title='bbox 506 1315 569 1379; x_wconf 90' lang='grc' dir='ltr'><em>τοῦ</em></span> <span class='ocrx_word' id='word_1_74' title='bbox 590 1315 673 1380; x_wconf 92' lang='grc' dir='ltr'><em>θεοῦ</em></span> <span class='ocrx_word' id='word_1_75' title='bbox 694 1315 900 1397; x_wconf 75' lang='grc' dir='ltr'><em>χαρισθέντα</em></span> <span class='ocrx_word' id='word_1_76' title='bbox 922 1315 976 1382; x_wconf 77' lang='lat'><em>35‘</em></span> <span class='ocrx_word' id='word_1_77' title='bbox 999 1305 1095 1397; x_wconf 79' lang='grc' dir='ltr'><em>ήμῖνι</em></span> <span class='ocrx_word' id='word_1_78' title='bbox 1125 1319 1241 1380; x_wconf 81' lang='grc' dir='ltr'><em>λαλεῖν</em></span> <span class='ocrx_word' id='word_1_79' title='bbox 1267 1316 1272 1395; x_wconf 80' lang='grc' dir='ltr'>Ι</span> <span class='ocrx_word' id='word_1_80' title='bbox 1303 1306 1383 1381; x_wconf 73' lang='grc' dir='ltr'><em>»οῦκ</em></span> <span class='ocrx_word' id='word_1_81' title='bbox 1405 1313 1443 1380; x_wconf 86' lang='grc' dir='ltr'><em>ἐν</em></span> <span class='ocrx_word' id='word_1_82' title='bbox 1465 1314 1639 1394; x_wconf 90' lang='grc' dir='ltr'><em>διδακτοῖς</em></span> <span class='ocrx_word' id='word_1_83' title='bbox 1659 1332 1697 1386; x_wconf 80' lang='grc'><em>11</em></span> 
     </span>
     <span class='ocr_line' id='line_1_10' title="bbox 332 1404 1638 1498; baseline 0.001 -19"><span class='ocrx_word' id='word_1_84' title='bbox 332 1405 555 1497; x_wconf 77' lang='grc' dir='ltr'><em>ἀνθρωπίνης</em></span> <span class='ocrx_word' id='word_1_85' title='bbox 570 1416 689 1495; x_wconf 85' lang='grc' dir='ltr'><em>σοφίας</em></span> <span class='ocrx_word' id='word_1_86' title='bbox 709 1407 834 1497; x_wconf 89' lang='grc' dir='ltr'><em>λόγοις,</em></span> <span class='ocrx_word' id='word_1_87' title='bbox 857 1404 930 1479; x_wconf 79' lang='grc' dir='ltr'><em>ἀλλ’</em></span> <span class='ocrx_word' id='word_1_88' title='bbox 956 1414 992 1480; x_wconf 93' lang='grc' dir='ltr'><em>ἐν</em></span> <span class='ocrx_word' id='word_1_89' title='bbox 1012 1416 1181 1492; x_wconf 82' lang='grc' dir='ltr'><em>διδακτοῖς</em></span> <span class='ocrx_word' id='word_1_90' title='bbox 1203 1407 1406 1497; x_wconf 83' lang='grc' dir='ltr'><em>πνεύματος,</em></span> <span class='ocrx_word' id='word_1_91' title='bbox 1428 1409 1638 1498; x_wconf 85' lang='grc' dir='ltr'><em>πνευματικά</em></span> 
     </span>
    </p>

    <p class='ocr_par' dir='ltr' id='par_1_5' title="bbox 281 1503 1691 1996">
     <span class='ocr_line' id='line_1_11' title="bbox 281 1503 1691 1597; baseline 0.001 -22"><span class='ocrx_word' id='word_1_92' title='bbox 281 1522 313 1574; x_wconf 92' lang='grc'><em>10</em></span> <span class='ocrx_word' id='word_1_93' title='bbox 331 1527 570 1596; x_wconf 85' lang='grc' dir='ltr'><em>πνευματικοῖς</em></span> <span class='ocrx_word' id='word_1_94' title='bbox 592 1517 867 1597; x_wconf 76' lang='grc' dir='ltr'><em>ουγκρίνονταςι,</em></span> <span class='ocrx_word' id='word_1_95' title='bbox 899 1505 975 1580; x_wconf 80' lang='grc' dir='ltr'><em>οῦδὲ</em></span> <span class='ocrx_word' id='word_1_96' title='bbox 1007 1505 1130 1597; x_wconf 91' lang='grc' dir='ltr'><em>νοήσας</em></span> <span class='ocrx_word' id='word_1_97' title='bbox 1152 1503 1248 1591; x_wconf 79' lang='grc' dir='ltr'><em>ὅπως</em></span> <span class='ocrx_word' id='word_1_98' title='bbox 1270 1510 1391 1596; x_wconf 88' lang='grc' dir='ltr'><em>ἐλέχθη</em></span> <span class='ocrx_word' id='word_1_99' title='bbox 1414 1509 1455 1579; x_wconf 86' lang='grc' dir='ltr'><em>τὸ</em></span> <span class='ocrx_word' id='word_1_100' title='bbox 1481 1508 1639 1597; x_wconf 77' lang='grc' dir='ltr'><em>»ψυχικὸς</em></span> <span class='ocrx_word' id='word_1_101' title='bbox 1659 1526 1691 1576; x_wconf 89' lang='grc'><em>11</em></span> 
     </span>
     <span class='ocr_line' id='line_1_12' title="bbox 332 1605 1637 1697; baseline 0.002 -22"><span class='ocrx_word' id='word_1_102' title='bbox 332 1605 520 1696; x_wconf 88' lang='grc' dir='ltr'><em>ἀνθρωπος</em></span> <span class='ocrx_word' id='word_1_103' title='bbox 542 1605 583 1678; x_wconf 85' lang='grc' dir='ltr'><em>οῦ</em></span> <span class='ocrx_word' id='word_1_104' title='bbox 605 1615 735 1695; x_wconf 85' lang='grc' dir='ltr'><em>δέχεται</em></span> <span class='ocrx_word' id='word_1_105' title='bbox 757 1609 799 1678; x_wconf 83' lang='grc' dir='ltr'><em>τὰ</em></span> <span class='ocrx_word' id='word_1_106' title='bbox 822 1615 885 1680; x_wconf 90' lang='grc' dir='ltr'><em>τοῦ</em></span> <span class='ocrx_word' id='word_1_107' title='bbox 906 1607 1099 1697; x_wconf 84' lang='grc' dir='ltr'><em>πνεύματος</em></span> <span class='ocrx_word' id='word_1_108' title='bbox 1121 1615 1184 1679; x_wconf 88' lang='grc' dir='ltr'><em>τοῦ</em></span> <span class='ocrx_word' id='word_1_109' title='bbox 1205 1615 1298 1691; x_wconf 83' lang='grc' dir='ltr'><em>θεοῦ,</em></span> <span class='ocrx_word' id='word_1_110' title='bbox 1325 1616 1435 1696; x_wconf 88' lang='grc' dir='ltr'><em>μωρία</em></span> <span class='ocrx_word' id='word_1_111' title='bbox 1457 1607 1520 1697; x_wconf 86' lang='grc' dir='ltr'><em>γὰρ</em></span> <span class='ocrx_word' id='word_1_112' title='bbox 1543 1605 1637 1697; x_wconf 76' lang='grc' dir='ltr'><em>αὐτῷ</em></span> 
     </span>
     <span class='ocr_line' id='line_1_13' title="bbox 332 1702 1639 1796; baseline 0.002 -21"><span class='ocrx_word' id='word_1_113' title='bbox 332 1710 432 1790; x_wconf 88' lang='grc' dir='ltr'><em>ἐστίν,</em></span> <span class='ocrx_word' id='word_1_114' title='bbox 455 1715 509 1777; x_wconf 83' lang='grc' dir='ltr'><em>καί</em></span> <span class='ocrx_word' id='word_1_115' title='bbox 533 1704 574 1778; x_wconf 86' lang='grc' dir='ltr'><em>οῦ</em></span> <span class='ocrx_word' id='word_1_116' title='bbox 596 1707 739 1778; x_wconf 86' lang='grc' dir='ltr'><em>δῦναται</em></span> <span class='ocrx_word' id='word_1_117' title='bbox 760 1717 899 1796; x_wconf 88' lang='grc' dir='ltr'><em>γνῶναι,</em></span> <span class='ocrx_word' id='word_1_118' title='bbox 923 1702 978 1777; x_wconf 82' lang='grc' dir='ltr'><em>ότι</em></span> <span class='ocrx_word' id='word_1_119' title='bbox 993 1715 1228 1791; x_wconf 80' lang='grc' dir='ltr'><em>πνευματικῶς</em></span> <span class='ocrx_word' id='word_1_120' title='bbox 1252 1704 1494 1794; x_wconf 72' lang='grc' dir='ltr'><em>ἀνακρίνεταιι.</em></span> <span class='ocrx_word' id='word_1_121' title='bbox 1531 1715 1639 1779; x_wconf 87' lang='grc' dir='ltr'><em>ταῦτα</em></span> 
     </span>
     <span class='ocr_line' id='line_1_14' title="bbox 331 1802 1639 1897; baseline 0.002 -22"><span class='ocrx_word' id='word_1_122' title='bbox 331 1811 367 1875; x_wconf 82' lang='grc' dir='ltr'><em>δὲ</em></span> <span class='ocrx_word' id='word_1_123' title='bbox 389 1802 557 1894; x_wconf 73' lang='grc' dir='ltr'><em>ἀγνοήσας</em></span> <span class='ocrx_word' id='word_1_124' title='bbox 580 1808 661 1889; x_wconf 83' lang='grc' dir='ltr'><em>τοὺς</em></span> <span class='ocrx_word' id='word_1_125' title='bbox 682 1802 855 1897; x_wconf 82' lang='grc' dir='ltr'><em>Ἑλλήνων</em></span> <span class='ocrx_word' id='word_1_126' title='bbox 877 1808 1004 1894; x_wconf 87' lang='grc' dir='ltr'><em>σαφοῦς</em></span> <span class='ocrx_word' id='word_1_127' title='bbox 1027 1804 1192 1892; x_wconf 74' lang='grc' dir='ltr'><em>ὑπέλαβεν</em></span> <span class='ocrx_word' id='word_1_128' title='bbox 1212 1814 1341 1896; x_wconf 89' lang='grc' dir='ltr'><em>γνῶσιν</em></span> <span class='ocrx_word' id='word_1_129' title='bbox 1371 1810 1546 1897; x_wconf 81' lang='grc' dir='ltr'><em>ἐσχηκέναι</em></span> <span class='ocrx_word' id='word_1_130' title='bbox 1578 1815 1639 1896; x_wconf 78' lang='grc' dir='ltr'><em>τῆς</em></span> 
     </span>
     <span class='ocr_line' id='line_1_15' title="bbox 331 1902 1640 1996; baseline 0.002 -22"><span class='ocrx_word' id='word_1_131' title='bbox 331 1902 398 1975; x_wconf 88' lang='grc' dir='ltr'><em>ῦπό</em></span> <span class='ocrx_word' id='word_1_132' title='bbox 422 1914 485 1977; x_wconf 85' lang='grc' dir='ltr'><em>τοῦ</em></span> <span class='ocrx_word' id='word_1_133' title='bbox 505 1914 590 1977; x_wconf 87' lang='grc' dir='ltr'><em>θεοῦ</em></span> <span class='ocrx_word' id='word_1_134' title='bbox 613 1916 663 1996; x_wconf 81' lang='grc' dir='ltr'><em>τῷ</em></span> <span class='ocrx_word' id='word_1_135' title='bbox 686 1913 871 1994; x_wconf 85' lang='grc' dir='ltr'><em>Σολομῶνι</em></span> <span class='ocrx_word' id='word_1_136' title='bbox 892 1913 1106 1995; x_wconf 88' lang='grc' dir='ltr'><em>χαρισθείσης</em></span> <span class='ocrx_word' id='word_1_137' title='bbox 1128 1915 1249 1992; x_wconf 83' lang='grc' dir='ltr'><em>σοφίας</em></span> <span class='ocrx_word' id='word_1_138' title='bbox 1275 1914 1331 1976; x_wconf 85' lang='grc' dir='ltr'><em>καὶ</em></span> <span class='ocrx_word' id='word_1_139' title='bbox 1359 1906 1505 1994; x_wconf 88' lang='grc' dir='ltr'><em>γνόντας</em></span> <span class='ocrx_word' id='word_1_140' title='bbox 1536 1914 1640 1995; x_wconf 79' lang='grc' dir='ltr'><em>ζηλῶ·</em></span> 
     </span>
    </p>

    <p class='ocr_par' dir='ltr' id='par_1_6' title="bbox 283 1999 1692 2494">
     <span class='ocr_line' id='line_1_16' title="bbox 283 1999 1692 2096; baseline 0.001 -27"><span class='ocrx_word' id='word_1_141' title='bbox 283 2017 313 2069; x_wconf 87' lang='grc'><em>15</em></span> <span class='ocrx_word' id='word_1_142' title='bbox 332 2030 386 2075; x_wconf 93' lang='grc' dir='ltr'><em>σαι</em></span> <span class='ocrx_word' id='word_1_143' title='bbox 408 2003 449 2076; x_wconf 86' lang='grc' dir='ltr'><em>τό</em></span> <span class='ocrx_word' id='word_1_144' title='bbox 471 2004 697 2096; x_wconf 88' lang='grc' dir='ltr'><em>προφητικόν,</em></span> <span class='ocrx_word' id='word_1_145' title='bbox 721 2003 769 2089; x_wconf 89' lang='grc' dir='ltr'><em>ῶς</em></span> <span class='ocrx_word' id='word_1_146' title='bbox 792 2002 894 2088; x_wconf 86' lang='grc' dir='ltr'><em>αῦτός</em></span> <span class='ocrx_word' id='word_1_147' title='bbox 917 2030 1028 2094; x_wconf 92' lang='grc' dir='ltr'><em>φησιν,</em></span> <span class='ocrx_word' id='word_1_148' title='bbox 1052 2003 1192 2095; x_wconf 86' lang='grc' dir='ltr'><em>γράμμα.</em></span> <span class='ocrx_word' id='word_1_149' title='bbox 1234 2013 1289 2075; x_wconf 83' lang='grc' dir='ltr'><em>καὶ</em></span> <span class='ocrx_word' id='word_1_150' title='bbox 1312 2013 1386 2088; x_wconf 91' lang='grc' dir='ltr'><em>πῶς</em></span> <span class='ocrx_word' id='word_1_151' title='bbox 1409 2006 1477 2077; x_wconf 71' lang='grc' dir='ltr'><em>οἶοί</em></span> <span class='ocrx_word' id='word_1_152' title='bbox 1498 2002 1530 2077; x_wconf 77' lang='grc' dir='ltr'><em>τ’</em></span> <span class='ocrx_word' id='word_1_153' title='bbox 1553 1999 1639 2095; x_wconf 87' lang='grc' dir='ltr'><em>ήσαν</em></span> <span class='ocrx_word' id='word_1_154' title='bbox 1658 2019 1692 2072; x_wconf 87' lang='grc'><em>12</em></span> 
     </span>
     <span class='ocr_line' id='line_1_17' title="bbox 332 2102 1638 2195; baseline 0.003 -21"><span class='ocrx_word' id='word_1_155' title='bbox 332 2112 461 2192; x_wconf 87' lang='grc' dir='ltr'><em>γνῶναι</em></span> <span class='ocrx_word' id='word_1_156' title='bbox 483 2104 526 2176; x_wconf 82' lang='grc' dir='ltr'><em>τά</em></span> <span class='ocrx_word' id='word_1_157' title='bbox 548 2118 625 2177; x_wconf 87' lang='grc' dir='ltr'><em>θεῖα</em></span> <span class='ocrx_word' id='word_1_158' title='bbox 647 2114 700 2176; x_wconf 85' lang='grc' dir='ltr'><em>καί</em></span> <span class='ocrx_word' id='word_1_159' title='bbox 725 2112 872 2195; x_wconf 78' lang='grc' dir='ltr'><em>ζηλῶσαι</em></span> <span class='ocrx_word' id='word_1_160' title='bbox 888 2109 921 2175; x_wconf 81' lang='grc' dir='ltr'><em>οί</em></span> <span class='ocrx_word' id='word_1_161' title='bbox 936 2112 1071 2193; x_wconf 78' lang='grc' dir='ltr'><em>ψυχικοί</em></span> <span class='ocrx_word' id='word_1_162' title='bbox 1093 2112 1149 2176; x_wconf 89' lang='grc' dir='ltr'><em>καὶ</em></span> <span class='ocrx_word' id='word_1_163' title='bbox 1172 2102 1235 2177; x_wconf 87' lang='grc' dir='ltr'><em>οῦκ</em></span> <span class='ocrx_word' id='word_1_164' title='bbox 1256 2104 1384 2188; x_wconf 88' lang='grc' dir='ltr'><em>είδότες</em></span> <span class='ocrx_word' id='word_1_165' title='bbox 1409 2107 1638 2195; x_wconf 75' lang='grc' dir='ltr'><em>»πνευματικὰ</em></span> 
     </span>
     <span class='ocr_line' id='line_1_18' title="bbox 330 2201 1640 2295; baseline 0 -20"><span class='ocrx_word' id='word_1_166' title='bbox 330 2224 588 2292; x_wconf 67' lang='grc' dir='ltr'><em>πνευματικοῖς(</em></span> <span class='ocrx_word' id='word_1_167' title='bbox 614 2214 811 2293; x_wconf 86' lang='grc' dir='ltr'><em>συγκρίνειν,</em></span> <span class='ocrx_word' id='word_1_168' title='bbox 834 2211 898 2276; x_wconf 88' lang='grc' dir='ltr'><em>τοῦ</em></span> <span class='ocrx_word' id='word_1_169' title='bbox 920 2214 1019 2276; x_wconf 86' lang='grc' dir='ltr'><em>θείου</em></span> <span class='ocrx_word' id='word_1_170' title='bbox 1042 2201 1238 2276; x_wconf 76' lang='grc' dir='ltr'><em>ἀποστόλου</em></span> <span class='ocrx_word' id='word_1_171' title='bbox 1259 2201 1526 2294; x_wconf 77' lang='grc' dir='ltr'><em>ἀποφηναμένου</em></span> <span class='ocrx_word' id='word_1_172' title='bbox 1548 2230 1640 2295; x_wconf 79' lang='grc' dir='ltr'><em>ηυχι·</em></span> 
     </span>
     <span class='ocr_line' id='line_1_19' title="bbox 331 2302 1639 2395; baseline 0.001 -21"><span class='ocrx_word' id='word_1_173' title='bbox 331 2303 394 2376; x_wconf 84' lang='grc' dir='ltr'><em>κόν</em></span> <span class='ocrx_word' id='word_1_174' title='bbox 417 2304 674 2395; x_wconf 78' lang='grc' dir='ltr'><em>ἄνθρωπονμὴ</em></span> <span class='ocrx_word' id='word_1_175' title='bbox 698 2311 852 2392; x_wconf 85' lang='grc' dir='ltr'><em>δέχεσθαι</em></span> <span class='ocrx_word' id='word_1_176' title='bbox 885 2303 946 2375; x_wconf 73' lang='grc' dir='ltr'><em>»τά</em></span> <span class='ocrx_word' id='word_1_177' title='bbox 977 2311 1040 2375; x_wconf 94' lang='grc' dir='ltr'><em>τοῦ</em></span> <span class='ocrx_word' id='word_1_178' title='bbox 1069 2303 1262 2392; x_wconf 85' lang='grc' dir='ltr'><em>πνεύματος</em></span> <span class='ocrx_word' id='word_1_179' title='bbox 1284 2312 1347 2375; x_wconf 89' lang='grc' dir='ltr'><em>τοῦ</em></span> <span class='ocrx_word' id='word_1_180' title='bbox 1369 2312 1489 2389; x_wconf 79' lang='grc' dir='ltr'><em>θεοῦ«,·</em></span> <span class='ocrx_word' id='word_1_181' title='bbox 1525 2302 1639 2377; x_wconf 82' lang='grc' dir='ltr'><em>τοῦδ</em></span> 
     </span>
     <span class='ocr_line' id='line_1_20' title="bbox 332 2401 1638 2494; baseline 0.002 -20"><span class='ocrx_word' id='word_1_182' title='bbox 332 2401 437 2474; x_wconf 78' lang='grc' dir='ltr'><em>αὐτοῦ</em></span> <span class='ocrx_word' id='word_1_183' title='bbox 459 2402 634 2494; x_wconf 85' lang='grc' dir='ltr'><em>φήσαντος</em></span> <span class='ocrx_word' id='word_1_184' title='bbox 655 2403 699 2493; x_wconf 81' lang='grc' dir='ltr'><em>μή</em></span> <span class='ocrx_word' id='word_1_185' title='bbox 723 2403 888 2475; x_wconf 83' lang='grc' dir='ltr'><em>δύνασθαι</em></span> <span class='ocrx_word' id='word_1_186' title='bbox 914 2411 1044 2490; x_wconf 88' lang='grc' dir='ltr'><em>γνῶναι</em></span> <span class='ocrx_word' id='word_1_187' title='bbox 1076 2403 1139 2473; x_wconf 89' lang='grc' dir='ltr'><em>τόν</em></span> <span class='ocrx_word' id='word_1_188' title='bbox 1170 2402 1313 2491; x_wconf 73' lang='grc' dir='ltr'><em>ψυχικόν</em></span> <span class='ocrx_word' id='word_1_189' title='bbox 1345 2405 1389 2475; x_wconf 85' lang='grc' dir='ltr'><em>τά</em></span> <span class='ocrx_word' id='word_1_190' title='bbox 1418 2401 1638 2494; x_wconf 84' lang='grc' dir='ltr'><em>πνευματικά,</em></span> 
     </span>
    </p>

    <p class='ocr_par' dir='ltr' id='par_1_7' title="bbox 280 2496 1690 2791">
     <span class='ocr_line' id='line_1_21' title="bbox 280 2496 1638 2594; baseline 0.002 -21"><span class='ocrx_word' id='word_1_191' title='bbox 280 2510 314 2565; x_wconf 81' lang='lat'><em>20</em></span> <span class='ocrx_word' id='word_1_192' title='bbox 335 2496 407 2573; x_wconf 79' lang='grc' dir='ltr'><em>»ότι</em></span> <span class='ocrx_word' id='word_1_193' title='bbox 427 2510 664 2592; x_wconf 87' lang='grc' dir='ltr'><em>πνευματικῶς</em></span> <span class='ocrx_word' id='word_1_194' title='bbox 692 2500 942 2589; x_wconf 79' lang='grc' dir='ltr'><em>ἀνακρίνεταιι,</em></span> <span class='ocrx_word' id='word_1_195' title='bbox 974 2499 1208 2587; x_wconf 76' lang='grc' dir='ltr'><em>ἀντιδοξάζων</em></span> <span class='ocrx_word' id='word_1_196' title='bbox 1238 2498 1256 2573; x_wconf 88' lang='grc' dir='ltr'><em>ό</em></span> <span class='ocrx_word' id='word_1_197' title='bbox 1288 2523 1441 2591; x_wconf 76' lang='grc' dir='ltr'><em>γενναῖος</em></span> <span class='ocrx_word' id='word_1_198' title='bbox 1472 2512 1523 2594; x_wconf 81' lang='grc' dir='ltr'><em>τῷ</em></span> <span class='ocrx_word' id='word_1_199' title='bbox 1556 2502 1638 2576; x_wconf 91' lang='grc' dir='ltr'><em>ἀπο-</em></span> 
     </span>
     <span class='ocr_line' id='line_1_22' title="bbox 331 2600 1639 2691; baseline 0.002 -20"><span class='ocrx_word' id='word_1_200' title='bbox 331 2601 445 2691; x_wconf 85' lang='grc' dir='ltr'><em>στόλῳ</em></span> <span class='ocrx_word' id='word_1_201' title='bbox 477 2600 596 2689; x_wconf 88' lang='grc' dir='ltr'><em>φάσκει</em></span> <span class='ocrx_word' id='word_1_202' title='bbox 629 2603 691 2674; x_wconf 88' lang='grc' dir='ltr'><em>τόν</em></span> <span class='ocrx_word' id='word_1_203' title='bbox 723 2600 829 2674; x_wconf 78' lang='grc' dir='ltr'><em>αὐτόν</em></span> <span class='ocrx_word' id='word_1_204' title='bbox 859 2601 991 2691; x_wconf 89' lang='grc' dir='ltr'><em>τρόπον</em></span> <span class='ocrx_word' id='word_1_205' title='bbox 1022 2609 1072 2691; x_wconf 85' lang='grc' dir='ltr'><em>τῶ</em></span> <span class='ocrx_word' id='word_1_206' title='bbox 1103 2609 1288 2691; x_wconf 86' lang='grc' dir='ltr'><em>Σολομῶνι</em></span> <span class='ocrx_word' id='word_1_207' title='bbox 1320 2609 1522 2691; x_wconf 85' lang='grc' dir='ltr'><em>γεγραφέναι</em></span> <span class='ocrx_word' id='word_1_208' title='bbox 1558 2603 1639 2686; x_wconf 82' lang='grc' dir='ltr'><em>τοῦς</em></span> 
     </span>
     <span class='ocr_line' id='line_1_23' title="bbox 331 2695 1690 2791; baseline 0.004 -20"><span class='ocrx_word' id='word_1_209' title='bbox 331 2701 392 2783; x_wconf 84' lang='grc' dir='ltr'><em>τάς</em></span> <span class='ocrx_word' id='word_1_210' title='bbox 421 2699 616 2791; x_wconf 77' lang='grc' dir='ltr'><em>Ἑλληνικάς</em></span> <span class='ocrx_word' id='word_1_211' title='bbox 646 2710 825 2791; x_wconf 88' lang='grc' dir='ltr'><em>παροιμίας</em></span> <span class='ocrx_word' id='word_1_212' title='bbox 860 2708 1116 2791; x_wconf 86' lang='grc' dir='ltr'><em>πεποιημένους.</em></span> <span class='ocrx_word' id='word_1_213' title='bbox 1160 2708 1246 2790; x_wconf 86' lang='grc' dir='ltr'><em>λέγει</em></span> <span class='ocrx_word' id='word_1_214' title='bbox 1278 2698 1306 2772; x_wconf 78' lang='grc' dir='ltr'><em>δ’</em></span> <span class='ocrx_word' id='word_1_215' title='bbox 1338 2695 1400 2774; x_wconf 87' lang='grc' dir='ltr'><em>οῦν</em></span> <span class='ocrx_word' id='word_1_216' title='bbox 1430 2707 1483 2773; x_wconf 81' lang='grc' dir='ltr'><em>ἐπὶ</em></span> <span class='ocrx_word' id='word_1_217' title='bbox 1516 2709 1638 2789; x_wconf 75' lang='grc' dir='ltr'><em>λέξεως</em></span> <span class='ocrx_word' id='word_1_218' title='bbox 1656 2723 1690 2776; x_wconf 85' lang='grc'><em>13</em></span> 
     </span>
    </p>

    <p class='ocr_par' dir='ltr' id='par_1_8' title="bbox 392 2798 1637 2991">
     <span class='ocr_line' id='line_1_24' title="bbox 392 2798 1637 2890; baseline 0.002 -20"><span class='ocrx_word' id='word_1_219' title='bbox 392 2805 436 2887; x_wconf 85' lang='grc' dir='ltr'><em>(Ν</em></span> <span class='ocrx_word' id='word_1_220' title='bbox 440 2829 460 2869; x_wconf 85' lang='lat' dir='ltr'><em>r.</em></span> <span class='ocrx_word' id='word_1_221' title='bbox 478 2812 547 2887; x_wconf 82' lang='lat'>112)</span> <span class='ocrx_word' id='word_1_222' title='bbox 570 2801 684 2889; x_wconf 79' lang='grc' dir='ltr'><em>ἐπειδὴ</em></span> <span class='ocrx_word' id='word_1_223' title='bbox 707 2821 780 2884; x_wconf 87' lang='grc' dir='ltr'><em>ταῖς</em></span> <span class='ocrx_word' id='word_1_224' title='bbox 796 2809 859 2873; x_wconf 92' lang='grc' dir='ltr'><em>τοῦ</em></span> <span class='ocrx_word' id='word_1_225' title='bbox 879 2798 1088 2888; x_wconf 86' lang='grc' dir='ltr'><em>σοφωτάτου</em></span> <span class='ocrx_word' id='word_1_226' title='bbox 1103 2809 1314 2888; x_wconf 88' lang='grc' dir='ltr'><em>Σολομῶνος</em></span> <span class='ocrx_word' id='word_1_227' title='bbox 1329 2810 1527 2890; x_wconf 88' lang='grc' dir='ltr'><em>Παροιμίαις</em></span> <span class='ocrx_word' id='word_1_228' title='bbox 1544 2808 1637 2873; x_wconf 90' lang='grc' dir='ltr'><em>ἐντυ-</em></span> 
     </span>
     <span class='ocr_line' id='line_1_25' title="bbox 392 2896 1637 2991; baseline 0.003 -21"><span class='ocrx_word' id='word_1_229' title='bbox 392 2896 511 2988; x_wconf 89' lang='grc' dir='ltr'><em>χόντες</em></span> <span class='ocrx_word' id='word_1_230' title='bbox 536 2909 589 2970; x_wconf 77' lang='grc' dir='ltr'><em>καὶ</em></span> <span class='ocrx_word' id='word_1_231' title='bbox 618 2897 759 2987; x_wconf 86' lang='grc' dir='ltr'><em>γνόντες</em></span> <span class='ocrx_word' id='word_1_232' title='bbox 790 2899 831 2974; x_wconf 79' lang='grc' dir='ltr'><em>δι&gt;</em></span> <span class='ocrx_word' id='word_1_233' title='bbox 856 2898 973 2971; x_wconf 87' lang='grc' dir='ltr'><em>αῦτῶν</em></span> <span class='ocrx_word' id='word_1_234' title='bbox 996 2896 1051 2971; x_wconf 87' lang='grc' dir='ltr'><em>ότι</em></span> <span class='ocrx_word' id='word_1_235' title='bbox 1073 2896 1173 2972; x_wconf 75' lang='grc' dir='ltr'><em>ου’δέν</em></span> <span class='ocrx_word' id='word_1_236' title='bbox 1195 2905 1288 2971; x_wconf 79' lang='grc' dir='ltr'><em>ἐστιν</em></span> <span class='ocrx_word' id='word_1_237' title='bbox 1310 2906 1347 2971; x_wconf 93' lang='grc' dir='ltr'><em>ἐκ</em></span> <span class='ocrx_word' id='word_1_238' title='bbox 1371 2907 1434 2974; x_wconf 86' lang='grc' dir='ltr'><em>τοῦ</em></span> <span class='ocrx_word' id='word_1_239' title='bbox 1455 2911 1637 2991; x_wconf 89' lang='grc' dir='ltr'><em>προχείρου</em></span> 
     </span>
    </p>

    <p class='ocr_par' dir='ltr' id='par_1_9' title="bbox 280 2996 1641 3090">
     <span class='ocr_line' id='line_1_26' title="bbox 280 2996 1641 3090; baseline 0.004 -23"><span class='ocrx_word' id='word_1_240' title='bbox 280 3014 313 3068; x_wconf 82' lang='grc'><em>25</em></span> <span class='ocrx_word' id='word_1_241' title='bbox 394 3008 512 3086; x_wconf 90' lang='grc' dir='ltr'><em>σαφῶς</em></span> <span class='ocrx_word' id='word_1_242' title='bbox 528 3008 601 3071; x_wconf 91' lang='grc' dir='ltr'><em>τῶν</em></span> <span class='ocrx_word' id='word_1_243' title='bbox 616 3006 654 3070; x_wconf 86' lang='grc' dir='ltr'><em>έν</em></span> <span class='ocrx_word' id='word_1_244' title='bbox 669 2997 785 3083; x_wconf 75' lang='grc' dir='ltr'><em>αὐτοῖς</em></span> <span class='ocrx_word' id='word_1_245' title='bbox 801 3008 987 3090; x_wconf 88' lang='grc' dir='ltr'><em>εἰρημένων</em></span> <span class='ocrx_word' id='word_1_246' title='bbox 1001 3010 1133 3088; x_wconf 87' lang='grc' dir='ltr'><em>μαθεῖν,</em></span> <span class='ocrx_word' id='word_1_247' title='bbox 1149 3008 1204 3069; x_wconf 87' lang='grc' dir='ltr'><em>καὶ</em></span> <span class='ocrx_word' id='word_1_248' title='bbox 1221 2996 1318 3071; x_wconf 77' lang='grc' dir='ltr'><em>αὐτοὶ</em></span> <span class='ocrx_word' id='word_1_249' title='bbox 1337 3008 1482 3089; x_wconf 76' lang='grc' dir='ltr'><em>ζηλῶσαι</em></span> <span class='ocrx_word' id='word_1_250' title='bbox 1498 3002 1539 3072; x_wconf 87' lang='grc' dir='ltr'><em>τὸ</em></span> <span class='ocrx_word' id='word_1_251' title='bbox 1555 3030 1641 3088; x_wconf 90' lang='grc' dir='ltr'><em>προ-</em></span> 
     </span>
    </p>

    <p class='ocr_par' dir='ltr' id='par_1_10' title="bbox 332 3098 1693 3491">
     <span class='ocr_line' id='line_1_27' title="bbox 395 3098 1640 3189; baseline 0.003 -21"><span class='ocrx_word' id='word_1_252' title='bbox 395 3099 542 3186; x_wconf 86' lang='grc' dir='ltr'><em>φητικὸν</em></span> <span class='ocrx_word' id='word_1_253' title='bbox 556 3106 782 3187; x_wconf 79' lang='grc' dir='ltr'><em>βουληθέντες</em></span> <span class='ocrx_word' id='word_1_254' title='bbox 798 3098 929 3189; x_wconf 90' lang='grc' dir='ltr'><em>γράμμα</em></span> <span class='ocrx_word' id='word_1_255' title='bbox 953 3098 1015 3169; x_wconf 87' lang='grc' dir='ltr'><em>τὸν</em></span> <span class='ocrx_word' id='word_1_256' title='bbox 1038 3098 1144 3170; x_wconf 85' lang='grc' dir='ltr'><em>αὐτὸν</em></span> <span class='ocrx_word' id='word_1_257' title='bbox 1164 3103 1282 3189; x_wconf 82' lang='grc' dir='ltr'><em>ἐκείνῳ</em></span> <span class='ocrx_word' id='word_1_258' title='bbox 1299 3099 1484 3188; x_wconf 82' lang='grc' dir='ltr'><em>γεγράφασι</em></span> <span class='ocrx_word' id='word_1_259' title='bbox 1500 3098 1640 3186; x_wconf 89' lang='grc' dir='ltr'><em>τρόπον.</em></span> 
     </span>
     <span class='ocr_line' id='line_1_28' title="bbox 332 3195 1641 3290; baseline 0.001 -22"><span class='ocrx_word' id='word_1_260' title='bbox 332 3205 452 3283; x_wconf 82' lang='grc' dir='ltr'><em>σκέφαι</em></span> <span class='ocrx_word' id='word_1_261' title='bbox 475 3205 510 3269; x_wconf 85' lang='grc' dir='ltr'><em>δε</em></span> <span class='ocrx_word' id='word_1_262' title='bbox 531 3207 586 3270; x_wconf 86' lang='grc' dir='ltr'><em>καὶ</em></span> <span class='ocrx_word' id='word_1_263' title='bbox 610 3198 725 3281; x_wconf 84' lang='grc' dir='ltr'><em>άλλως</em></span> <span class='ocrx_word' id='word_1_264' title='bbox 747 3205 781 3286; x_wconf 74' lang='grc' dir='ltr'><em>ἐξ</em></span> <span class='ocrx_word' id='word_1_265' title='bbox 804 3197 920 3271; x_wconf 76' lang='grc' dir='ltr'><em>αὐτῶν</em></span> <span class='ocrx_word' id='word_1_266' title='bbox 942 3208 1016 3270; x_wconf 91' lang='grc' dir='ltr'><em>τῶν</em></span> <span class='ocrx_word' id='word_1_267' title='bbox 1037 3205 1263 3287; x_wconf 87' lang='grc' dir='ltr'><em>παραθέσεων</em></span> <span class='ocrx_word' id='word_1_268' title='bbox 1290 3195 1373 3271; x_wconf 81' lang='grc' dir='ltr'><em>ὅσον</em></span> <span class='ocrx_word' id='word_1_269' title='bbox 1396 3207 1456 3289; x_wconf 82' lang='grc' dir='ltr'><em>τῆς</em></span> <span class='ocrx_word' id='word_1_270' title='bbox 1479 3198 1641 3290; x_wconf 86' lang='grc' dir='ltr'><em>ἀληθείας</em></span> 
     </span>
     <span class='ocr_line' id='line_1_29' title="bbox 334 3294 1641 3389; baseline 0.005 -23"><span class='ocrx_word' id='word_1_271' title='bbox 334 3296 523 3386; x_wconf 89' lang='grc' dir='ltr'><em>διήμαρτεν,</em></span> <span class='ocrx_word' id='word_1_272' title='bbox 548 3300 656 3369; x_wconf 87' lang='grc' dir='ltr'><em>είπῶν</em></span> <span class='ocrx_word' id='word_1_273' title='bbox 677 3300 759 3381; x_wconf 79' lang='grc' dir='ltr'><em>τοὺς</em></span> <span class='ocrx_word' id='word_1_274' title='bbox 779 3294 1031 3387; x_wconf 77' lang='grc' dir='ltr'><em>παρ’Ἕλλησιν</em></span> <span class='ocrx_word' id='word_1_275' title='bbox 1047 3299 1109 3370; x_wconf 87' lang='grc' dir='ltr'><em>τόν</em></span> <span class='ocrx_word' id='word_1_276' title='bbox 1124 3296 1232 3371; x_wconf 77' lang='grc' dir='ltr'><em>αὐτὸν</em></span> <span class='ocrx_word' id='word_1_277' title='bbox 1253 3306 1304 3389; x_wconf 79' lang='grc' dir='ltr'><em>τῷ</em></span> <span class='ocrx_word' id='word_1_278' title='bbox 1320 3308 1505 3388; x_wconf 87' lang='grc' dir='ltr'><em>Σολομῶνι</em></span> <span class='ocrx_word' id='word_1_279' title='bbox 1527 3328 1641 3389; x_wconf 88' lang='grc' dir='ltr'><em>γεγρα·</em></span> 
     </span>
     <span class='ocr_line' id='line_1_30' title="bbox 333 3394 1693 3491; baseline 0.004 -25"><span class='ocrx_word' id='word_1_280' title='bbox 333 3403 432 3482; x_wconf 92' lang='grc' dir='ltr'><em>φέναι</em></span> <span class='ocrx_word' id='word_1_281' title='bbox 454 3395 595 3485; x_wconf 87' lang='grc' dir='ltr'><em>τρόπον.</em></span> <span class='ocrx_word' id='word_1_282' title='bbox 639 3394 657 3469; x_wconf 87' lang='grc' dir='ltr'>ὁ</span> <span class='ocrx_word' id='word_1_283' title='bbox 688 3406 750 3486; x_wconf 84' lang='grc' dir='ltr'><em>μὲν</em></span> <span class='ocrx_word' id='word_1_284' title='bbox 780 3399 842 3487; x_wconf 79' lang='grc' dir='ltr'><em>γάρ</em></span> <span class='ocrx_word' id='word_1_285' title='bbox 865 3399 1036 3486; x_wconf 83' lang='grc' dir='ltr'><em>Σολομῶν</em></span> <span class='ocrx_word' id='word_1_286' title='bbox 1067 3397 1276 3487; x_wconf 86' lang='grc' dir='ltr'><em>θεοδωρήτφ</em></span> <span class='ocrx_word' id='word_1_287' title='bbox 1308 3408 1411 3491; x_wconf 80' lang='grc' dir='ltr'><em>σοφίᾳ</em></span> <span class='ocrx_word' id='word_1_288' title='bbox 1441 3399 1640 3488; x_wconf 82' lang='grc' dir='ltr'><em>κινούμενος</em></span> <span class='ocrx_word' id='word_1_289' title='bbox 1659 3421 1693 3472; x_wconf 82' lang='grc'><em>14</em></span> 
     </span>
    </p>

    <p class='ocr_par' dir='ltr' id='par_1_11' title="bbox 279 3494 1642 3985">
     <span class='ocr_line' id='line_1_31' title="bbox 279 3494 1641 3589; baseline 0.004 -26"><span class='ocrx_word' id='word_1_290' title='bbox 279 3511 315 3564; x_wconf 83' lang='grc'><em>30</em></span> <span class='ocrx_word' id='word_1_291' title='bbox 333 3505 444 3569; x_wconf 88' lang='grc' dir='ltr'><em>πᾶσαν</em></span> <span class='ocrx_word' id='word_1_292' title='bbox 465 3495 572 3567; x_wconf 84' lang='grc' dir='ltr'><em>αάτοῦ</em></span> <span class='ocrx_word' id='word_1_293' title='bbox 594 3498 659 3585; x_wconf 83' lang='grc' dir='ltr'><em>τήν</em></span> <span class='ocrx_word' id='word_1_294' title='bbox 682 3498 814 3586; x_wconf 83' lang='grc' dir='ltr'><em>γραφὴν</em></span> <span class='ocrx_word' id='word_1_295' title='bbox 837 3494 888 3567; x_wconf 78' lang='grc' dir='ltr'><em>ἐπ&gt;</em></span> <span class='ocrx_word' id='word_1_296' title='bbox 912 3494 1061 3589; x_wconf 82' lang='grc' dir='ltr'><em>ῶφελείηι</em></span> <span class='ocrx_word' id='word_1_297' title='bbox 1082 3504 1138 3567; x_wconf 85' lang='grc' dir='ltr'><em>καὶ</em></span> <span class='ocrx_word' id='word_1_298' title='bbox 1161 3507 1311 3589; x_wconf 85' lang='grc' dir='ltr'><em>σωτηρίᾳ</em></span> <span class='ocrx_word' id='word_1_299' title='bbox 1342 3506 1466 3587; x_wconf 84' lang='grc' dir='ltr'><em>φυχῶν</em></span> <span class='ocrx_word' id='word_1_300' title='bbox 1496 3506 1547 3588; x_wconf 80' lang='grc' dir='ltr'><em>τῶ</em></span> <span class='ocrx_word' id='word_1_301' title='bbox 1580 3505 1641 3588; x_wconf 79' lang='grc' dir='ltr'><em>τῆς</em></span> 
     </span>
     <span class='ocr_line' id='line_1_32' title="bbox 333 3594 1641 3686; baseline 0.002 -21"><span class='ocrx_word' id='word_1_302' title='bbox 333 3605 524 3679; x_wconf 86' lang='grc' dir='ltr'><em>θεοσεβείας</em></span> <span class='ocrx_word' id='word_1_303' title='bbox 547 3595 698 3668; x_wconf 84' lang='grc' dir='ltr'><em>ἀνετίθει</em></span> <span class='ocrx_word' id='word_1_304' title='bbox 722 3595 822 3685; x_wconf 82' lang='grc' dir='ltr'><em>λόγῳ,</em></span> <span class='ocrx_word' id='word_1_305' title='bbox 846 3606 1029 3686; x_wconf 91' lang='grc' dir='ltr'><em>γυμνασίου</em></span> <span class='ocrx_word' id='word_1_306' title='bbox 1051 3594 1079 3668; x_wconf 80' lang='grc' dir='ltr'><em>δ</em></span> <span class='ocrx_word' id='word_1_307' title='bbox 1103 3598 1214 3667; x_wconf 74' lang='grc' dir='ltr'><em>ἕνεκεν</em></span> <span class='ocrx_word' id='word_1_308' title='bbox 1236 3604 1298 3686; x_wconf 78' lang='grc' dir='ltr'><em>τῆς</em></span> <span class='ocrx_word' id='word_1_309' title='bbox 1320 3605 1395 3667; x_wconf 91' lang='grc' dir='ltr'><em>τῶν</em></span> <span class='ocrx_word' id='word_1_310' title='bbox 1418 3597 1641 3686; x_wconf 86' lang='grc' dir='ltr'><em>ἐντυγχανόν-</em></span> 
     </span>
     <span class='ocr_line' id='line_1_33' title="bbox 332 3694 1642 3787; baseline 0.002 -22"><span class='ocrx_word' id='word_1_311' title='bbox 332 3725 408 3766; x_wconf 93' lang='grc' dir='ltr'><em>των</em></span> <span class='ocrx_word' id='word_1_312' title='bbox 430 3704 580 3779; x_wconf 86' lang='grc' dir='ltr'><em>διανοίας</em></span> <span class='ocrx_word' id='word_1_313' title='bbox 610 3717 797 3779; x_wconf 84' lang='grc' dir='ltr'><em>σκοτεινοῖς</em></span> <span class='ocrx_word' id='word_1_314' title='bbox 828 3702 950 3785; x_wconf 79' lang='grc' dir='ltr'><em>ἐχρήτο</em></span> <span class='ocrx_word' id='word_1_315' title='bbox 979 3694 1212 3785; x_wconf 84' lang='grc' dir='ltr'><em>προβλήμασιν</em></span> <span class='ocrx_word' id='word_1_316' title='bbox 1241 3705 1296 3768; x_wconf 88' lang='grc' dir='ltr'><em>καὶ</em></span> <span class='ocrx_word' id='word_1_317' title='bbox 1331 3694 1447 3787; x_wconf 90' lang='grc' dir='ltr'><em>λόγων</em></span> <span class='ocrx_word' id='word_1_318' title='bbox 1477 3718 1642 3787; x_wconf 88' lang='grc' dir='ltr'><em>στροφαῖς</em></span> 
     </span>
     <span class='ocr_line' id='line_1_34' title="bbox 332 3794 1640 3887; baseline 0.005 -25"><span class='ocrx_word' id='word_1_319' title='bbox 332 3801 387 3863; x_wconf 85' lang='grc' dir='ltr'><em>καὶ</em></span> <span class='ocrx_word' id='word_1_320' title='bbox 410 3814 541 3879; x_wconf 89' lang='grc' dir='ltr'><em>φωναῖς</em></span> <span class='ocrx_word' id='word_1_321' title='bbox 564 3796 605 3866; x_wconf 79' lang='grc' dir='ltr'><em>δι’</em></span> <span class='ocrx_word' id='word_1_322' title='bbox 628 3794 839 3885; x_wconf 85' lang='grc' dir='ltr'><em>αἰνιγμάτων</em></span> <span class='ocrx_word' id='word_1_323' title='bbox 860 3803 1171 3885; x_wconf 86' lang='grc' dir='ltr'><em>προενηνεγμέναις.</em></span> <span class='ocrx_word' id='word_1_324' title='bbox 1213 3805 1268 3865; x_wconf 87' lang='grc' dir='ltr'><em>καί</em></span> <span class='ocrx_word' id='word_1_325' title='bbox 1301 3804 1405 3868; x_wconf 85' lang='grc' dir='ltr'><em>τοῦτο</em></span> <span class='ocrx_word' id='word_1_326' title='bbox 1437 3794 1466 3868; x_wconf 80' lang='grc' dir='ltr'><em>δ</em></span> <span class='ocrx_word' id='word_1_327' title='bbox 1488 3802 1526 3867; x_wconf 88' lang='grc' dir='ltr'><em>ἐν</em></span> <span class='ocrx_word' id='word_1_328' title='bbox 1556 3795 1640 3887; x_wconf 81' lang='grc' dir='ltr'><em>ἀρχῇ</em></span> 
     </span>
     <span class='ocr_line' id='line_1_35' title="bbox 333 3893 1641 3985; baseline 0.005 -22"><span class='ocrx_word' id='word_1_329' title='bbox 333 3900 394 3982; x_wconf 77' lang='grc' dir='ltr'><em>τῆς</em></span> <span class='ocrx_word' id='word_1_330' title='bbox 415 3903 532 3979; x_wconf 89' lang='grc' dir='ltr'><em>βίβλου</em></span> <span class='ocrx_word' id='word_1_331' title='bbox 552 3895 755 3985; x_wconf 83' lang='grc' dir='ltr'><em>μαρτύρεται</em></span> <span class='ocrx_word' id='word_1_332' title='bbox 778 3901 888 3983; x_wconf 88' lang='grc' dir='ltr'><em>λέγων</em></span> <span class='ocrx_word' id='word_1_333' title='bbox 913 3903 1042 3966; x_wconf 76' lang='grc' dir='ltr'><em>»τῶνδε</em></span> <span class='ocrx_word' id='word_1_334' title='bbox 1064 3895 1126 3984; x_wconf 80' lang='grc' dir='ltr'><em>γὰρ</em></span> <span class='ocrx_word' id='word_1_335' title='bbox 1148 3893 1294 3978; x_wconf 81' lang='grc' dir='ltr'><em>ἀκούσας</em></span> <span class='ocrx_word' id='word_1_336' title='bbox 1316 3896 1424 3983; x_wconf 85' lang='grc' dir='ltr'><em>σοφός</em></span> <span class='ocrx_word' id='word_1_337' title='bbox 1442 3897 1641 3984; x_wconf 80' lang='grc' dir='ltr'><em>σοφώτερος</em></span> 
     </span>
    </p>

    <p class='ocr_par' dir='ltr' id='par_1_12' title="bbox 279 3990 1641 4086">
     <span class='ocr_line' id='line_1_36' title="bbox 279 3990 1641 4086; baseline 0.003 -23"><span class='ocrx_word' id='word_1_338' title='bbox 279 4012 314 4063; x_wconf 78' lang='lat'><em>35</em></span> <span class='ocrx_word' id='word_1_339' title='bbox 332 3995 438 4073; x_wconf 83' lang='grc' dir='ltr'><em>ἐσται,</em></span> <span class='ocrx_word' id='word_1_340' title='bbox 476 3990 494 4065; x_wconf 89' lang='grc' dir='ltr'><em>ό</em></span> <span class='ocrx_word' id='word_1_341' title='bbox 531 4001 567 4065; x_wconf 82' lang='grc' dir='ltr'><em>δὲ</em></span> <span class='ocrx_word' id='word_1_342' title='bbox 599 3993 738 4085; x_wconf 90' lang='grc' dir='ltr'><em>νοήμων</em></span> <span class='ocrx_word' id='word_1_343' title='bbox 773 4002 971 4084; x_wconf 74' lang='grc' dir='ltr'><em>κυβέρνησιν</em></span> <span class='ocrx_word' id='word_1_344' title='bbox 1006 3993 1181 4085; x_wconf 83' lang='grc' dir='ltr'><em>κτήσεται,</em></span> <span class='ocrx_word' id='word_1_345' title='bbox 1220 3994 1334 4085; x_wconf 81' lang='grc' dir='ltr'><em>νοήσει</em></span> <span class='ocrx_word' id='word_1_346' title='bbox 1370 4025 1409 4067; x_wconf 90' lang='grc' dir='ltr'><em>τε</em></span> <span class='ocrx_word' id='word_1_347' title='bbox 1442 3998 1641 4086; x_wconf 84' lang='grc' dir='ltr'><em>παραβολήν</em></span> 
     </span>
    </p>
   </div>
   <div class='ocr_carea' id='block_1_4' title="bbox 335 4232 1642 4403">
    <p class='ocr_par' dir='ltr' id='par_1_13' title="bbox 335 4232 1642 4403">
     <span class='ocr_line' id='line_1_37' title="bbox 420 4232 1642 4305; baseline 0.002 -18"><span class='ocrx_word' id='word_1_348' title='bbox 420 4232 439 4287; x_wconf 88' lang='grc'>8</span> <span class='ocrx_word' id='word_1_349' title='bbox 457 4233 469 4285; x_wconf 89' lang='grc' dir='ltr'>Ι</span> <span class='ocrx_word' id='word_1_350' title='bbox 489 4233 552 4287; x_wconf 79' lang='grc' dir='ltr'><em>Κοτ.</em></span> <span class='ocrx_word' id='word_1_351' title='bbox 570 4235 594 4299; x_wconf 80' lang='lat'><em>2,</em></span> <span class='ocrx_word' id='word_1_352' title='bbox 614 4234 713 4287; x_wconf 79' lang='lat'>12-14</span> <span class='ocrx_word' id='word_1_353' title='bbox 731 4263 763 4271; x_wconf 96' lang='lat'>-</span> <span class='ocrx_word' id='word_1_354' title='bbox 784 4234 820 4287; x_wconf 81' lang='lat'><em>15</em></span> <span class='ocrx_word' id='word_1_355' title='bbox 839 4233 1063 4301; x_wconf 58' lang='grc'><strong>1311111112-</strong></span> <span class='ocrx_word' id='word_1_356' title='bbox 1084 4233 1196 4289; x_wconf 76' lang='lat'>16—20</span> <span class='ocrx_word' id='word_1_357' title='bbox 1214 4235 1225 4285; x_wconf 95' lang='lat' dir='ltr'>l</span> <span class='ocrx_word' id='word_1_358' title='bbox 1244 4234 1307 4288; x_wconf 85' lang='lat' dir='ltr'>Kor.</span> <span class='ocrx_word' id='word_1_359' title='bbox 1321 4236 1498 4300; x_wconf 77' lang='lat'>‘2‚12-14-</span> <span class='ocrx_word' id='word_1_360' title='bbox 1516 4234 1642 4305; x_wconf 76' lang='lat' dir='ltr'>2lsvgl.</span> 
     </span>
     <span class='ocr_line' id='line_1_38' title="bbox 335 4333 1091 4403; baseline 0.005 -17"><span class='ocrx_word' id='word_1_361' title='bbox 335 4333 382 4388; x_wconf 86' lang='lat' dir='ltr'><em>Nr.</em></span> <span class='ocrx_word' id='word_1_362' title='bbox 401 4335 501 4387; x_wconf 83' lang='grc'><strong>112-</strong></span> <span class='ocrx_word' id='word_1_363' title='bbox 520 4334 559 4389; x_wconf 74' lang='lat'><em>28</em></span> <span class='ocrx_word' id='word_1_364' title='bbox 578 4335 633 4403; x_wconf 82' lang='lat' dir='ltr'><strong>vgl.</strong></span> <span class='ocrx_word' id='word_1_365' title='bbox 651 4334 695 4387; x_wconf 83' lang='lat' dir='ltr'><em>Nr.</em></span> <span class='ocrx_word' id='word_1_366' title='bbox 716 4336 765 4388; x_wconf 80' lang='lat'><em>112</em></span> <span class='ocrx_word' id='word_1_367' title='bbox 783 4364 815 4372; x_wconf 94' lang='lat'>-</span> <span class='ocrx_word' id='word_1_368' title='bbox 835 4335 873 4388; x_wconf 78' lang='lat'><em>34</em></span> <span class='ocrx_word' id='word_1_369' title='bbox 892 4334 971 4387; x_wconf 81' lang='lat' dir='ltr'>Prov.</span> <span class='ocrx_word' id='word_1_370' title='bbox 991 4338 1014 4398; x_wconf 82' lang='lat'><em>1,</em></span> <span class='ocrx_word' id='word_1_371' title='bbox 1033 4337 1056 4389; x_wconf 85' lang='lat'><em>5.</em></span> <span class='ocrx_word' id='word_1_372' title='bbox 1075 4337 1091 4390; x_wconf 90' lang='grc'><strong>6</strong></span> 
     </span>
    </p>
   </div>
   <div class='ocr_carea' id='block_1_5' title="bbox 330 4516 1642 4693">
    <p class='ocr_par' dir='ltr' id='par_1_14' title="bbox 330 4516 1642 4693">
     <span class='ocr_line' id='line_1_39' title="bbox 421 4516 1642 4588; baseline 0.002 -16"><span class='ocrx_word' id='word_1_373' title='bbox 421 4518 457 4572; x_wconf 77' lang='lat'><em>18</em></span> <span class='ocrx_word' id='word_1_374' title='bbox 476 4518 494 4572; x_wconf 89' lang='lat' dir='ltr'><em>l.</em></span> <span class='ocrx_word' id='word_1_375' title='bbox 512 4518 564 4585; x_wconf 71' lang='grc' dir='ltr'><em>δὴὶ)</em></span> <span class='ocrx_word' id='word_1_376' title='bbox 588 4522 592 4585; x_wconf 87' lang='grc' dir='ltr'>Ι</span> <span class='ocrx_word' id='word_1_377' title='bbox 618 4519 655 4572; x_wconf 80' lang='grc'><em>11)</em></span> <span class='ocrx_word' id='word_1_378' title='bbox 674 4516 771 4573; x_wconf 62' lang='grc' dir='ltr'><em>τὸνλ12</em></span> <span class='ocrx_word' id='word_1_379' title='bbox 788 4517 821 4573; x_wconf 81' lang='grc' dir='ltr'><em>τό</em></span> <span class='ocrx_word' id='word_1_380' title='bbox 836 4518 875 4570; x_wconf 80' lang='lat' dir='ltr'><em>V*</em></span> <span class='ocrx_word' id='word_1_381' title='bbox 890 4522 894 4579; x_wconf 84' lang='grc' dir='ltr'><em>ί</em></span> <span class='ocrx_word' id='word_1_382' title='bbox 911 4523 949 4577; x_wconf 72' lang='grc'><em>22</em></span> <span class='ocrx_word' id='word_1_383' title='bbox 968 4520 1160 4586; x_wconf 82' lang='grc' dir='ltr'><em>πεποιηκότας</em></span> <span class='ocrx_word' id='word_1_384' title='bbox 1178 4532 1219 4573; x_wconf 73' lang='grc' dir='ltr'><em>111Γ</em></span> <span class='ocrx_word' id='word_1_385' title='bbox 1239 4531 1243 4587; x_wconf 82' lang='grc' dir='ltr'>Ι</span> <span class='ocrx_word' id='word_1_386' title='bbox 1263 4519 1302 4575; x_wconf 69' lang='lat'><em>28</em></span> <span class='ocrx_word' id='word_1_387' title='bbox 1325 4516 1418 4588; x_wconf 79' lang='grc' dir='ltr'><em>ἐπειδὴ</em></span> <span class='ocrx_word' id='word_1_388' title='bbox 1442 4520 1503 4575; x_wconf 76' lang='lat' dir='ltr'><strong>and.</strong></span> <span class='ocrx_word' id='word_1_389' title='bbox 1524 4520 1563 4576; x_wconf 56' lang='lat' dir='ltr'><em>St„</em></span> <span class='ocrx_word' id='word_1_390' title='bbox 1580 4516 1642 4575; x_wconf 82' lang='grc' dir='ltr'><em>ἐπεί</em></span> 
     </span>
     <span class='ocr_line' id='line_1_40' title="bbox 330 4616 1515 4693; baseline 0.003 -21"><span class='ocrx_word' id='word_1_391' title='bbox 330 4616 393 4673; x_wconf 73' lang='grc' dir='ltr'><em>διν</em></span> <span class='ocrx_word' id='word_1_392' title='bbox 414 4622 418 4687; x_wconf 63' lang='lat' dir='ltr'>l</span> <span class='ocrx_word' id='word_1_393' title='bbox 442 4618 478 4674; x_wconf 77' lang='lat'><em>24</em></span> <span class='ocrx_word' id='word_1_394' title='bbox 495 4620 659 4689; x_wconf 81' lang='grc' dir='ltr'><em>προχείρου]</em></span> <span class='ocrx_word' id='word_1_395' title='bbox 678 4626 710 4683; x_wconf 65' lang='grc'><em>1-</em></span> <span class='ocrx_word' id='word_1_396' title='bbox 728 4622 776 4675; x_wconf 85' lang='grc' dir='ltr'><em>καί</em></span> <span class='ocrx_word' id='word_1_397' title='bbox 795 4634 836 4672; x_wconf 81' lang='lat' dir='ltr'><em>mr</em></span> <span class='ocrx_word' id='word_1_398' title='bbox 850 4623 854 4688; x_wconf 92' lang='grc'><em>1</em></span> <span class='ocrx_word' id='word_1_399' title='bbox 870 4623 909 4676; x_wconf 76' lang='grc'><em>211</em></span> <span class='ocrx_word' id='word_1_400' title='bbox 926 4620 1086 4692; x_wconf 80' lang='grc' dir='ltr'><em>γεγράφασι</em></span> <span class='ocrx_word' id='word_1_401' title='bbox 1105 4621 1167 4675; x_wconf 80' lang='lat' dir='ltr'>and.</span> <span class='ocrx_word' id='word_1_402' title='bbox 1187 4624 1223 4674; x_wconf 70' lang='lat' dir='ltr'>st..</span> <span class='ocrx_word' id='word_1_403' title='bbox 1242 4624 1472 4693; x_wconf 77' lang='grc' dir='ltr'><em>γεγραφὴκασιΞ</em></span> <span class='ocrx_word' id='word_1_404' title='bbox 1491 4623 1515 4675; x_wconf 71' lang='lat' dir='ltr'><strong>V</strong></span> 
     </span>
    </p>
   </div>
   <div class='ocr_carea' id='block_1_6' title="bbox 0 0 1868 5508">
    <p class='ocr_par' dir='ltr' id='par_1_15' title="bbox 0 0 1868 5508">
     <span class='ocr_line' id='line_1_41' title="bbox 0 0 1868 5508; baseline 0 0"><span class='ocrx_word' id='word_1_405' title='bbox 0 0 1868 5508; x_wconf 95' lang='lat' dir='ltr'><em> </em></span> 
     </span>
    </p>
   </div>
  </div>
 </body>
</html>
