3728 5508
348 498 387 560 28
942 492 1076 548 Eusebius

346 661 474 741 έστινι;
496 653 537 727 δι’
562 648 612 727 οῦν
635 661 818 741 δείκνυται,
842 656 962 737 καθοῦς
984 651 1166 744 ἀρχόμενος
1193 656 1281 744 έφην
1307 659 1371 725 τοῦ
1392 648 1659 743 συγγράμματος,
1677 669 1716 725 48

347 761 382 843 ἐξ
406 753 680 845 ὑπερβαλλούσης
707 758 831 844 ’έχθρας
853 784 892 827 τε
916 762 972 827 καὶ
998 763 1217 843 μισαδελφίας
1239 749 1449 843 ἐπιπηδήσας
1471 758 1514 840 τῇ
1537 759 1658 841 γραφῇ.

346 856 490 947 μεταβὰς
521 854 549 927 δ’
570 859 607 926 έκ
635 854 771 927 τούτων
793 852 964 942 Αστέριον
991 847 1091 935 αὖθις
1113 860 1288 942 τραγῳδεῖ,
1309 851 1441 942 μακρὰν
1464 848 1660 924 άποτείνων

346 963 402 1026 καὶ
428 963 505 1045 περὶ
532 952 639 1028 αῦτοῦ
671 953 836 1045 διήγησιν,
869 948 963 1036 ὅπως
992 981 1030 1023 τε
1053 950 1230 1042 ἀποδημεῖ,
1256 960 1312 1023 καὶ
1337 970 1400 1024 ποῖ
1418 960 1475 1022 καί
1496 949 1581 1023 πότε
1604 958 1660 1022 καὶ

312 1055 474 1145 ῡπρῦςτ
454 1065 558 1139 τίνας.
600 1064 655 1127 καὶ
678 1054 806 1127 τούτου
828 1050 906 1125 δὲ’
886 1061 1052 1142 αφέμενος
1066 1044 1187 1179 ³(6666
1196 1056 1251 1123 ἐπὶ
1274 1050 1337 1123 τὸν
1359 1058 1422 1124 τοῦ
1443 1059 1530 1124 θεοῦ
1552 1052 1660 1142 ἄνδρα

346 1164 520 1228 Παυλῖνον
542 1162 710 1246 τρέπεται,
735 1160 843 1227 ταῦτα
865 1149 1010 1241 γράφων
1032 1149 1147 1235 αῦτοῖς
1170 1150 1313 1242 ῥήμασιν

409 1261 478 1344 (Nr.
501 1261 553 1343 33)
577 1254 715 1338 τούτοις
736 1261 771 1326 δὲ
803 1272 876 1335 τοῖς
897 1254 1014 1341 ῥητοῖς
1034 1248 1142 1322 καὶ
1123 1282 1142 1323 ο
1168 1250 1297 1324 τοῦτον
1317 1249 1430 1340 πατὴρ
1452 1247 1661 1339 πειθόμενος
1678 1274 1715 1328 49

408 1363 589 1440 Παυλῖνος,
612 1352 720 1427 ταῦτὰ
743 1359 853 1443 λέγειν
875 1360 986 1423 τεκαὶ
1011 1349 1154 1440 γράφειν
1176 1348 1238 1424 οῦκ
1261 1347 1361 1436 όκνεῖ,
1383 1358 1471 1423 ποτὲ
1493 1356 1554 1440 μὲν
1576 1349 1661 1421 δεό·

409 1484 528 1543 τερον
554 1454 652 1527 θεὸν
679 1460 789 1544 λέγων
812 1452 876 1524 τὸν
899 1451 1049 1540 Χριστόν
1078 1460 1143 1523 καὶ
1174 1457 1323 1524 τοῦτον
1348 1448 1701 1573 άνθρωπικαότε-

295 1574 329 1630 10
407 1584 478 1646 ρον
508 1560 747 1645 γεγενῆσθαι
777 1551 889 1637 θεόν,
911 1558 998 1623 ποτὲ
1029 1557 1064 1623 δὲ
1095 1559 1238 1641 κτίσμα
1270 1548 1395 1624 αῦτδν
1426 1553 1528 1622 εἶναι
1558 1556 1662 1637 διορι·

407 1651 554 1745 ζόμενος.
603 1648 657 1727 ότι
687 1659 724 1726 δὲ
754 1648 853 1725 τοῦθ’
887 1645 998 1733 οῦτως
1029 1655 1107 1739 έχει,
1138 1658 1194 1722 καὶ
1224 1651 1311 1738 πρὸς
1343 1647 1428 1741 ημᾶς
1463 1679 1563 1735 ποτε,
1596 1649 1662 1739 τὴν

406 1751 569 1844 Ἀγκῦραν
592 1753 700 1837 διιιόν,
724 1760 867 1842 κτίσμα
889 1754 992 1824 εἶναι
1013 1750 1086 1823 τὸν
1109 1748 1326 1836 Χριστδν”
1311 1775 1490 1838 εφασκεν

345 1862 401 1926 καὶ
434 1850 542 1927 πάλιν
575 1859 783 1942 μυθολογῶν
817 1857 999 1941 διειλέχθαι
1031 1854 1081 1939 τῷ
1105 1855 1268 1939 Παυλίνῳ
1298 1859 1408 1941 φησίν.
1451 1852 1568 1920 ἔπειτα
1589 1855 1659 1919 δια·
1678 1873 1713 1927 50

346 1950 462 2039 βάλλει
490 1952 553 2025 τόν
578 1949 745 2043 μακάριον
775 1948 827 2035 ὥς
850 1952 969 2034 θεοὺς
999 1949 1175 2032 πολλοῦς
1205 1948 1407 2040 εἰρηκότα,
1437 1956 1494 2021 καὶ
1524 1957 1661 2019 καταλι-

297 2073 328 2125 15
346 2055 425 2125 πων
447 2052 511 2125 τόν
533 2061 710 2126 Παυλῖνον
731 2049 837 2123 πάλιν
860 2058 910 2140 τῷ
935 2046 1084 2139 Πόσεβίῳ
1108 2047 1260 2137 σχολάζει
1282 2047 1424 2136 φάσκων

408 2157 478 2238 (Nr
508 2159 559 2238 74)
587 2146 680 2223 οῦτω
707 2157 742 2222 δέ
768 2157 822 2222 καὶ
854 2146 1011 2233 Εὐσέβιος
1043 2144 1061 2220 6
1094 2156 1155 2239 τῆς
1182 2157 1384 2238 Καισαρείας
1410 2154 1575 2238 γέγραφεν
1604 2153 1661 2217 καὶ

409 2248 513 2334 αὐτὸς
540 2252 604 2342 τὴν
631 2248 738 2340 αὐτὴν
764 2255 852 2371 έχων
874 2255 1032 2339 Παυλίνῳ
1061 2278 1098 2320 τε
1129 2257 1184 2321 καὶ
1215 2266 1287 2330 τοῖς
1310 2251 1441 2335 ἔξωθεν
1466 2256 1544 2335 περὶ
1564 2256 1661 2319 θεῶν

410 2348 520 2439 δόξαν.
575 2357 741 2441 γέγραφεν
775 2349 838 2438 γάρ
876 2346 936 2436 οῦχ
968 2348 1016 2431 οῦς
1047 2342 1149 2430 ὄντος
1178 2344 1286 2436 μόνου
1321 2355 1419 2431 θεοῦ,
1456 2342 1538 2419 ἀλλ’
1571 2346 1661 2428 ἑνός
1679 2371 1712 2423 51

411 2445 530 2535 ὄντος
553 2458 624 2523 τοῦ
645 2447 770 2540 μόνου
792 2447 990 2537 ἀληθινοῦ
1012 2454 1117 2519 θεοῦ.
1162 2440 1247 2518 όθεν
1269 2455 1390 2518 τοίνυν
1415 2448 1540 2536 μαθων
1561 2453 1617 2517 καὶ
1641 2441 1659 2517 6

296 2569 331 2624 20
408 2547 580 2641 Ἀστερίου
601 2549 716 2639 πατὴρ
738 2556 907 2631 Παυλῖνος
930 2554 1151 2636 νεωτέρους
1173 2547 1293 2629 θεοὺς
1314 2543 1469 2618 είναι
1439 2576 1538 2636 ῳετο.

347 2659 402 2722 καὶ
424 2655 460 2722 έν
483 2649 621 2732 τούτοις
643 2646 729 2721 δὲ(
701 2680 748 2731 ως
779 2656 874 2720 θεῶν
906 2645 1005 2735 δόξας
1035 2644 1233 2737 εἰσάγοντας
1262 2641 1474 2730 αίτιᾶται,’
1453 2644 1661 2735 αρνοῦμενος

348 2747 451 2833 αῦτός
472 2749 538 2839 τὴν
566 2746 718 2838 θεότητα
749 2756 813 2820 τοῦ
842 2752 926 2819 υίοῦ.
968 2755 1023 2817 καὶ
1055 2754 1293 2836 παραθέμενος
1323 2743 1388 2834 τὴν
1418 2741 1580 2829 Εῦσεβίου
1604 2750 1662 2819 36¹

348 2855 438 2936 λέξιν
469 2846 542 2938 <οῦ>
569 2856 721 2938 συνίησιν
748 2844 795 2929 οῦς
817 2843 879 2918 οῦκ
901 2840 944 2937 ἧν
971 2842 1122 2935 αῦτοῦὴ
1155 2844 1220 2917 τὸν
1249 2850 1380 2932 πατέρα
1408 2841 1535 2932 μόνον
1565 2840 1659 2934 άλη·

348 2947 469 3022 θινὸν
490 2946 588 3021 θεόν
610 2943 810 3019 διδάσκουσα
832 2944 944 3036 φωνή,
967 2952 1031 3018 τοῦ
1052 2950 1088 3015 δὲ
1110 2951 1266 3034 σωτῆρος
1287 2940 1384 3034 ἡμῶν
1406 2951 1470 3016 τοῦ
1484 2941 1659 3035 εἰρηκότος
1677 2966 1712 3020 52

297 3066 330 3120 25
352 3050 425 3121 »ἵνα
446 3048 660 3139 γινοόσκωσίν
682 3070 719 3117 σε
741 3044 804 3116 τόν
825 3043 932 3134 μόνον
955 3043 1122 3137 ἀληθινὸν
1143 3043 1258 3117 θεόνι.
1293 3051 1348 3116 καὶ
1369 3038 1446 3134 μεθ’
1464 3045 1561 3132 έτερα
1576 3071 1660 3132 προ·

348 3157 506 3240 στίθησιν
529 3154 638 3237 λέγων

410 3254 480 3337 (Nr.
496 3252 548 3337 27)
570 3251 641 3319 ἐπεὶ
663 3244 776 3317 πόθεν
799 3241 878 3335 ἡμῖν
899 3248 936 3315 έκ
958 3251 1032 3315 τῶν
1054 3252 1163 3316 θείων
1182 3240 1388 3331 δυνήσονται
1403 3244 1548 3329 δεῖξαις
1529 3248 1658 3332 ρητιῦν,

412 3343 466 3420 ότι
494 3348 550 3429 είς
580 3353 649 3436 μὲν
677 3342 908 3434 άγέ,ννητος
937 3343 992 3425 είς
1023 3349 1062 3415 δὲ
1085 3343 1279 3434 γεννητὸς
1306 3335 1430 3425 οῦτως,
1458 3338 1521 3430 Ιε
1492 3373 1541 3425 ως
1562 3372 1662 3414 αυτοι
1680 3357 1719 3415 28

411 3453 636 3569 γεγεννῆσθαι
658 3441 766 3518 αότόν
787 3440 1063 3528 πεπιστεύκασιν,
1094 3438 1174 3517 οὔτε
1200 3448 1394 3533 προφητῶν
1425 3434 1505 3514 οῦτε
1532 3436 1663 3529 εῦαγγε·

299 3562 332 3617 30
412 3554 541 3619 λιστων
563 3541 584 3635 6
606 3543 815 3618 άποστόλων
838 3539 931 3616 τοῦτ’
955 3542 1160 3633 είρηκότων,·

349 3642 426 3731 είθ,
449 3643 563 3732 ὥσπερ
585 3650 622 3717 έν
644 3645 765 3727 ἄθλοις
787 3640 1074 3769 άπογραυάμενος
1096 3637 1182 3733 όμοῦ
1196 3639 1283 3731 πρὸς
1298 3633 1453 3724 άπαντας
1468 3645 1663 3728 <δι>απληκ·
1681 3654 1714 3709 63

350 3754 520 3829 τίσασθαι,
542 3748 771 3868 μετάβαίνειέ
772 3749 812 3814 πί
833 3743 897 3815 τὸν
921 3740 1115 3830 Νάρκισσον
1135 3751 1191 3813 καί
1214 3766 1317 3831 φησιν

413 3851 482 3933 (Nr.
498 3852 549 3930 70)
574 3840 663 3915 δι’στε
684 3839 749 3913 κάν
771 3840 880 3914 έκεῖνό
904 3870 954 3923 τις
976 3850 1065 3930 λέγη,
1088 3837 1349 3927 κατασκευάζων
1369 3848 1536 3929 πρῶτον
1558 3841 1663 3912 εἶναι

413 3943 511 4017 θεὸν
543 3951 607 4014 καὶ
639 3941 844 4031 δεύτερον,
880 3939 928 4023 οῦς
960 3938 1150 4030 Νάρκισσος
1186 3936 1302 4023 αῦταῖς
1337 3947 1465 4026 λέξεσιν
1497 3946 1664 4029 γέγραφεν

300 4060 333 4113 35
413 4041 504 4131 (οὐδὲ
526 4043 588 4132 γὰρ
611 4037 816 4130 συγχωρεῖὸ
844 4049 953 4128 λέγων
986 4037 1199 4129 »ποιήσωμεν
1230 4038 1421 4127 ἄνθρωπον
1450 4035 1525 4109 κατ’
1548 4034 1663 4110 είκόνα
1679 4057 1712 4110 54

416 4140 580 4234 ἡμετέραν
601 4150 657 4213 καὶ
677 4138 757 4211 καθ’
781 4136 990 4229 ῦμοίωσινι),
1014 4134 1152 4229 ὅτιμὲν
1174 4134 1277 4221 αὐτὸς
1298 4146 1353 4210 καὶ
1376 4133 1395 4210 ό
1417 4138 1533 4227 πατὴρ
1556 4133 1663 4209 αῦτοῦ

438 4313 478 4369 1ῐ
493 4311 548 4383 vgl.
567 4313 592 4365 S.
612 4316 635 4377 1,
654 4313 715 4367 nff
733 4342 766 4351 -
793 4311 833 4366 20
852 4311 907 4379 vgl.
926 4309 972 4363 Nr.
992 4311 1024 4364 52
1042 4338 1075 4347 -
1094 4309 1132 4364 25
1151 4307 1212 4363 Joh.
1232 4311 1271 4371 17,
1290 4311 1306 4363 3
1325 4338 1357 4346 -
1377 4308 1415 4365 85
1435 4309 1502 4364 Gen.
1523 4310 1546 4373 l,
1564 4308 1598 4364 26

437 4462 607 4519 8ταδταλ7
634 4464 638 4529 l
667 4461 706 4517 10
732 4460 804 4517 θεὸν
826 4480 854 4515 m
872 4460 986 4516 6506V
1013 4461 1017 4526 Ι
1044 4460 1084 4515 28
1111 4452 1147 4516 οῦ
1173 4458 1209 4512 Kl
1236 4459 1241 4526 Ι
1269 4459 1309 4514 24
1334 4466 1387 4514 τοῦ
1408 4456 1438 4514 δὲ
1459 4464 1512 4513 τοῦ
1537 4460 1666 4526 σωτῆρος

352 4564 434 4634 ημῶν
452 4563 485 4627 V,
512 4583 547 4612 ω
569 4563 619 4618 We
643 4564 647 4629 Ι
672 4564 708 4618 61
739 4564 995 4631 διαπληκτίσασθαι
1021 4579 1040 4631 g
1063 4564 1067 4629 1
1092 4561 1131 4617 66
1157 4553 1225 4616 ὥστ’
1246 4553 1298 4616 οῦκ
1324 4555 1360 4615 διν
1378 4600 1385 4613 .
1404 4601 1411 4614 .
1428 4557 1509 4630 λέγοι
1532 4559 1573 4613 Re
1596 4560 1602 4627 1
1625 4556 1664 4613 85

353 4659 433 4722 οῦδὲν
452 4663 485 4731 V,
508 4681 576 4719 corr.
595 4663 631 4716 Κ]
