3728 5508
353 467 393 527 46
938 457 1072 515 Eusebius

353 618 541 710 γράφουσιν
556 618 800 710 δικαιοσύνηνι.
838 620 889 703 οίς
911 621 986 711 ἑξῆς
1008 625 1152 710 ἐπιλέγει
1168 617 1188 711 ι)
1203 620 1288 711 αὖτε)
1304 628 1408 709 σοφία
1432 625 1487 691 »ἐν
1502 616 1594 706 όδοῑς
1616 627 1661 692 δι·
1697 637 1715 693 9

353 718 533 808 καιοσόνης
553 727 744 809 περιπατῶ,
759 727 814 790 καί
829 717 998 807 ἀναμέσσν
1013 729 1140 808 τρίβων
1155 721 1382 811 δικαιώματος
1397 716 1660 810 ἀναστρέφομαι,

354 823 408 891 ίνα
434 827 558 909 μερίσω
581 839 654 901 τοις
676 824 732 906 ἐμὲ
754 816 932 909 ἀγαπῶσιν
952 813 1110 909 όπαρξιν,
1133 827 1188 892 καί
1215 820 1297 902 τούς
1318 821 1515 910 θησαυροὺς
1545 818 1663 893 αὐτῶν

354 915 515 1008 ἐμπλήσω
545 914 698 1007 ἀγαθῶν.
741 919 801 991 ἐὰν
827 915 1016 1008 ἀναγγείλω
1043 915 1121 1009 δμίν
1148 919 1192 991 τά
1217 915 1297 990 καθ’
1319 916 1444 1010 ἡμέραν
1469 916 1662 1010 γιγνόμενα,

319 1018 575 1110 σμνημονεάσω
597 1018 641 1090 τά
663 1022 699 1106 ἐξ
721 1024 848 1103 αἰῶνος
869 1014 1062 1110 ἀριθμῆσαι.
1096 1017 1211 1107 κόριος
1226 1023 1358 1090 έκτισέν
1378 1049 1418 1109 με
1440 1015 1547 1109 ἀρχὴν
1568 1014 1663 1093 όδῶν
1681 1031 1716 1086 10

354 1115 462 1191 αὐτοῦ
484 1121 530 1200 εἰς
552 1122 631 1207 ἔργα
651 1115 767 1203 αὐτοῦ,
789 1117 858 1207 πρὸ
882 1124 944 1192 τοῦ
966 1124 1092 1201 αἰῶνος
1113 1122 1338 1209 ἐθεμελίωσέν
1352 1143 1405 1207 με·
1436 1122 1473 1190 ἐν
1487 1116 1572 1210 ἀρχῇ
1593 1118 1663 1208 πρὸ

354 1224 418 1289 τοῦ
439 1217 504 1307 τὴν
525 1223 589 1307 γῆν
609 1225 766 1308 ποιησαι(
796 1226 852 1290 καὶ
879 1217 921 1290 τὰ
948 1217 1086 1300 τούτοις
1111 1219 1193 1308 ἑξῆς.
1236 1217 1287 1301 σίς
1308 1216 1353 1309 μὴ
1373 1225 1555 1307 βουληθεὶς
1577 1219 1661 1309 τὴν(
1681 1239 1723 1296 48

353 1314 510 1390 διάνοιαν
531 1323 708 1408 ἐπιστῆσαι
732 1316 940 1407 Μάρκελλος,
963 1316 1040 1400 ἑνός
1062 1323 1098 1388 δὲ
1119 1314 1227 1408 μόνου
1241 1313 1422 1408 γενόμενος
1436 1325 1576 1405 σκοποῦ,
1600 1326 1664 1392 τοῦ

352 1416 397 1508 με)
420 1412 629 1508 ὁμολογῆσαι
651 1416 714 1489 τόν
736 1417 814 1490 υίόν
836 1425 899 1490 τοῦ
920 1423 1019 1502 θεοῦ,
1048 1415 1113 1506 τὴν
1142 1423 1371 1507 προκειμένην
1400 1426 1585 1507 θεολογίαν
1606 1423 1664 1490 ἐπί

304 1536 338 1591 10
354 1517 418 1607 τὴν
441 1514 546 1606 σάρκα
573 1514 749 1607 ἀναφέρει,
780 1524 835 1590 καὶ
867 1517 932 1608 τὴν
962 1513 1099 1588 εὐθεῖαν
1130 1523 1377 1606 παρεκτραπεὶς
1406 1512 1490 1590 όδὸν
1521 1515 1663 1591 ἀνοδίαν

354 1618 464 1707 ἑαυτῷ
487 1614 679 1707 ἐπενόησεν,
701 1615 846 1707 γράφων
865 1616 954 1688 κατά
977 1623 1068 1703 λέξιν
1090 1610 1201 1699 οότως

416 1721 485 1804 (Νι.
501 1724 533 1805 9)
556 1715 598 1788 τὸ
622 1724 740 1790 τοίνυν
761 1715 950 1804 κεφάλαιον
972 1721 1068 1788 τουτὶ
1090 1722 1151 1805 τῆς
1172 1723 1357 1806 Παροιμίας
1378 1710 1420 1787 οά
1441 1715 1514 1806 τὴν
1536 1714 1664 1807 ἀρχὴν
1683 1738 1715 1790 11

327 1862 329 1866 -
417 1823 487 1907 τῆς
501 1813 715 1906 θεότητος,
731 1814 846 1905 ὥσπερ
861 1812 960 1888 αὐτοὶ
974 1822 1179 1905 νομίζουσιν,
1195 1820 1259 1887 τοῦ
1273 1820 1428 1904 σωτῆρος
1444 1810 1541 1905 ἡμῶν
1554 1845 1663 1906 παρα-

417 1922 536 2006 στῆσαι
557 1914 768 2007 βουλόμενον
792 1913 924 2004 »κύριος
946 1919 1076 1986 έκτισέν
1096 1944 1154 2005 μει
1184 1919 1262 2004 ἔφη,
1294 1911 1380 1986 ἀλλὰ
1411 1913 1476 2004 τὴν
1501 1921 1664 2005 δευτέραν

304 2033 337 2088 15
415 2015 504 2087 κατὰ
526 2012 633 2103 σάρκα
648 2020 861 2105 οἰκονομίαν·
889 2013 1011 2086 διὸκαὶ
1024 2023 1167 2097 κτίσεως
1188 2021 1354 2104 μέμνηται
1373 2012 1586 2103 προσφόρως
1601 2020 1664 2105 τῆς

417 2111 642 2205 ἀνθρωπίνης
664 2111 797 2204 σαρκός.

354 2222 409 2284 καὶ
431 2216 506 2304 ἑξῆς
528 2219 672 2303 ἐπιλέγει
1682 2231 1717 2287 12

418 2317 487 2400 (Νι.
507 2320 538 2401 9)
570 2310 697 2385 οάκοῦν
717 2310 738 2404 ἦ
759 2322 867 2396 κτίσις
890 2320 931 2401 τῇ
952 2311 1040 2383 κατά
1062 2312 1252 2401 ἄνθρωπον
1273 2308 1381 2385 αὐτοῦ
1407 2318 1557 2401 διαφέρει
1579 2342 1665 2401 πρα-

416 2421 564 2505 γματείᾳ.
600 2409 652 2483 διό
676 2435 779 2502 φησιν
796 2410 929 2500 »κύριος
950 2414 1081 2483 ἔκτισέν
1094 2441 1135 2500 με
1156 2407 1263 2503 ἀρχὴν
1277 2408 1371 2486 όδῶν
1392 2408 1499 2484 αάτοῦ
1521 2418 1568 2497 εἰς
1583 2417 1665 2503 ἔργα

304 2528 339 2583 20
419 2509 556 2598 αὐτοῦι,
575 2514 706 2582 ἐκτισέν
720 2538 761 2599 με
776 2508 938 2601 δηλονότι
952 2510 1007 2583 διά
1023 2518 1084 2601 τῆς
1098 2519 1275 2602 παρθένου
1289 2519 1420 2601 Μαρίας
1434 2508 1475 2584 δι’
1491 2503 1531 2601 ἧς
1546 2507 1566 2584 ό
1582 2510 1665 2595 θεὸς

417 2614 541 2683 ένῶσαι
562 2611 628 2701 τὴν
650 2608 876 2701 ἀνθρωπίνην
897 2608 1005 2699 σάρκα
1026 2617 1077 2701 τῷ
1101 2613 1226 2683 ἑαυτοῦ
1247 2608 1340 2701 λόγῳ
1361 2618 1551 2699 προείλετο.

353 2718 410 2783 καὶ
430 2707 506 2803 μεθ’
530 2713 628 2800 έτερα
648 2718 877 2800 προστίθησιν
898 2717 1009 2798 λέγων
1681 2727 1716 2783 13

417 2816 485 2898 (Νι.
504 2819 553 2898 10)
576 2808 704 2882 τούτου
725 2817 844 2881 τοίνυν
865 2804 977 2892 οὕτως
999 2813 1150 2900 ἔχοντος,
1179 2805 1378 2883 ἀκόλουθόν
1405 2815 1499 2882 ἐστιν
1521 2829 1663 2881 σκοπεῖν

417 2918 459 2999 τῇ
481 2915 613 3000 διανοίᾳ
635 2908 677 2980 τὸ
703 2915 945 2999 παροιμιωδως
975 2916 1153 3000 εἰρημένον
1182 2916 1280 2982 τουτὶ
1307 2904 1495 2996 κεφάλαιον
1527 2908 1664 2996 »κύριος

302 3032 335 3086 25
416 3011 547 3081 έκτισέν
567 3037 608 3098 με
629 3005 736 3098 ἀρχὴν
757 3004 851 3081 όδῶν
872 3005 979 3080 αὐτοῦ
1000 3014 1047 3092 εἰς
1068 3012 1147 3098 ἔργα
1169 3004 1303 3080 αότοῦι.
1346 3011 1477 3081 ἔκτισεν
1499 3007 1563 3099 γάρ
1581 3005 1664 3098 ἀλη-

415 3116 490 3192 θῶς
511 3107 553 3180 τό
575 3107 619 3199 με)
642 3101 684 3178 όν
704 3110 903 3197 πεποιηκώς
918 3103 937 3179 ό
953 3106 1119 3197 δεσπότης
1135 3103 1233 3198 ἡμῶν
1247 3104 1341 3191 θεός·
1364 3105 1426 3181 οάκ
1444 3101 1551 3180 οὖσαν
1564 3107 1663 3200 (γάρ)

414 3208 481 3299 τὴν
502 3205 618 3297 σάρκα,
641 3204 685 3296 ἣν
708 3204 889 3296 ἀνείληφεν
911 3203 930 3278 ὁ
952 3205 1055 3297 λόγος
1076 3202 1181 3295 (ἀλλὰ
1201 3206 1246 3297 με)
1269 3201 1375 3280 οὖσαν
1397 3212 1553 3298 ἔκτισεν).

350 3316 409 3379 καί
429 3313 581 3397 ἐπιφέρει
603 3299 703 3388 αὖθις
724 3313 835 3396 λέγων

414 3412 485 3495 (Νι.
501 3416 571 3495 113)
594 3405 721 3480 οάκοῦν
747 3403 842 3478 τοῦτ’
865 3411 959 3478 ἐστιν
980 3406 1022 3478 τό
1055 3404 1187 3495 »κύριος
1217 3408 1347 3477 ἐκτισέν
1376 3433 1418 3495 με
1439 3402 1547 3497 ἀρχὴν
1568 3401 1663 3478 όδῶν

300 3528 335 3584 30
413 3504 520 3580 αὐτοῦ
542 3512 588 3591 εἰς
609 3509 689 3597 ἔργα
710 3504 846 3578 αὖτοῦι.

351 3604 467 3697 ἐπάγει
488 3612 526 3678 δέ
1681 3638 1716 3691 14

414 3711 483 3792 (Nr.
501 3712 550 3791 14)
576 3703 662 3793 »πρὸ
685 3713 749 3778 τοῦ
770 3710 898 3787 αἰῶνος
918 3708 1142 3795 ἐθεμελίωσέν
1163 3731 1238 3789 μει,
1261 3710 1422 3794 θεμέλιον
1448 3709 1509 3793 μέν
1532 3710 1662 3776 τοῦτον

414 3800 601 3893 ὀνομάζων,
624 3803 688 3894 τὴν
709 3804 798 3876 κατὰ
820 3800 927 3893 σάρκα
949 3801 1055 3875 αὐτοῦ
1075 3814 1341 3893 προορισθείσαν
1363 3807 1571 3892 οἰκονομίαν.
1613 3801 1663 3887 ὠς

412 3911 467 3975 καί
490 3899 509 3975 ὁ
533 3899 726 3987 ἀπόστολος
742 3910 831 3993 λέγει
849 3909 1028 3992 »θεμέλιον
1046 3902 1109 3993 γάρ
1124 3902 1233 3975 ἀλλον
1255 3898 1363 3985 οὐδεὶς
1382 3900 1525 3973 δύναται
1549 3913 1663 3975 θεῖναι

413 4003 506 4091 παρὰ
527 4001 591 4074 τόν
617 4009 784 4092 κείμενον,
817 3996 854 4085 ός
884 4005 976 4073 ἐστιν
996 3998 1119 4092 Ἰησοῦς
1141 3997 1316 4092 Χριστόςι.
1360 3998 1437 4084 ἑνός
1468 4007 1504 4073 δέ
1534 4004 1663 4085 αἰῶνος

412 4107 565 4174 ἐνταῦθα
580 4109 755 4191 μέμνηται,
770 4098 830 4190 ἀφ’
847 4093 887 4173 οὗ
902 4100 945 4173 τά
960 4099 1048 4173 κατὰ
1063 4099 1287 4188 τόνΧριστὸν
1301 4108 1572 4191 τεθεμελιῶσθαι
1587 4104 1661 4191 ἐφη.

437 4274 452 4329 l
472 4272 552 4327 Prov.
570 4273 595 4338 8,
613 4272 714 4327 20-23
732 4300 766 4311 -
785 4272 823 4328 11
843 4272 922 4327 Prov.
941 4275 965 4340 8,
983 4273 1017 4327 22
1034 4300 1068 4310 -
1088 4273 1126 4327 Ιθ
1144 4271 1225 4325 Ριοι.
1243 4271 1312 4338 8,22
1329 4300 1362 4310 -
1381 4270 1421 4326 21
1440 4271 1522 4325 Ριοι.
1540 4272 1610 4337 822
1627 4300 1662 4311 -

350 4374 389 4430 28
408 4372 488 4428 Ριοι.
506 4376 531 4441 8,
549 4374 583 4428 22
600 4402 633 4412 -
652 4374 691 4430 82
709 4373 789 4428 Ρισι.
807 4373 832 4439 8,
850 4374 883 4429 23
901 4403 934 4412 -
953 4373 992 4429 81
1010 4373 1026 4427 Ι
1044 4373 1108 4427 Κοι.
1126 4374 1150 4439 3,
1169 4376 1200 4427 11

435 4523 472 4579 18
490 4519 544 4578 οδκ
561 4515 649 4593 οὗνς
674 4526 678 4592 Ι
706 4526 745 4580 28
770 4521 826 4595 γὰρ
848 4522 911 4577 and.
929 4524 967 4578 81.
994 4525 999 4589 Ι
1026 4523 1063 4578 27
1093 4518 1165 4579 ἀλλὰ
1190 4524 1230 4592 μη
1256 4515 1346 4579 οὖσαν
1371 4514 1484 4579 ἔκτισεν
1501 4522 1566 4580 and.
1584 4523 1625 4579 St«
1654 4524 1661 4597 Ι

348 4618 658 4682 ιοιὸιιαεισν
684 4629 689 4693 ι
715 4621 1016 4693 mrumst.
