3698 5510
618 443 652 499 de
669 443 856 499 ecclesiastiea
871 443 1016 514 theologie.
1031 445 1043 498 I
1061 447 1103 503 20.
1471 454 1510 515 97

201 615 255 680 καί
282 607 390 698 λόγον
415 603 639 699 σημαντικόν,
670 613 757 680 ποτὲ
782 612 844 697 μέν
870 603 1081 698 ἡσυχάζοντα
1107 612 1145 679 έν
1166 614 1218 698 τῷ
1239 614 1327 698 θεῷ,
1358 614 1445 680 ποτὲ
1475 612 1511 678 δέ

200 712 349 802 ἐνεργείᾳ
369 707 458 799 μόνη
481 714 654 779 λαλοῦντα
676 713 845 796 [λέγοντα]
868 702 890 796 ἢ
911 703 1122 795 πράττοντα,
1144 702 1166 796 ἢ
1189 705 1304 780 διὰτὸ
1327 704 1511 793 Σαβελλιό-

200 818 268 894 ζειν
290 807 451 895 ἄντικρυς
472 815 528 878 καὶ
549 805 594 898 μὴ
615 804 786 879 πιστεύειν
807 811 854 889 είς
876 804 941 878 τόν
962 805 1039 879 υίόν
1061 812 1125 879 τοῦ
1138 812 1223 878 θεοῦ
1237 812 1320 898 μηδὲ
1334 816 1510 895 γνωρίζειν

198 905 238 978 τό
260 906 449 998 μυστήριον
471 905 513 979 τό
534 904 760 996 προϋπάρχον
786 911 849 996 μέν
874 903 996 992 πάλαι,
1026 903 1114 998 μόνη
1136 910 1172 976 δέ
1194 913 1237 995 τῇ
1259 908 1416 998 ἐκκλησίᾳ
1446 911 1510 977 τοῦ

166 1013 350 1093 δΧριστοῦ
371 1005 427 1080 διὰ
449 1013 511 1097 τῆς
541 1004 647 1078 αύτοῦ
678 1010 883 1093 φανερωθὲν
908 1003 1060 1095 χάριτος·
1091 1007 1120 1077 εί
1146 1010 1181 1076 δὲ
1208 1011 1301 1094 λέγοι
1321 1003 1508 1095 μυστήριον
1525 1018 1560 1074 92

197 1107 282 1178 εἶναι
305 1102 537 1195 ἀγνοούμενον
561 1106 601 1179 τό
624 1102 730 1195 λόγον
752 1108 838 1195 ἔχειν
868 1107 906 1177 ἐν
937 1106 1047 1195 ἑαυτῷ
1079 1104 1142 1177 τόν
1171 1104 1257 1178 θεὸν
1282 1111 1337 1175 καί
1363 1110 1509 1194 χρῆσθαι

195 1200 288 1295 λόγῳ
331 1212 450 1292 (τοῦτο
492 1205 556 1295 γὰρ
593 1202 687 1295 αύτῷ
724 1210 912 1294 Μαρκέλλῳ
949 1209 1042 1276 δοκεῖ
1076 1211 1204 1277 τοῦτον
1240 1202 1410 1293 γράφοντι
1446 1203 1510 1276 τόν

194 1300 333 1393 τρόπον
1051 1382 1053 1385 ,

255 1408 328 1491 (Nr.
351 1410 404 1491 45)
426 1411 460 1475 τί
482 1402 544 1494 γόρ
567 1403 686 1492 ἐτερον
705 1394 749 1493 ἦν
771 1399 1070 1495 ἀποκεκρυμμένον
1083 1401 1272 1495 μυστήριον
1287 1398 1325 1492 <ἢ
1340 1401 1398 1493 τό)
1420 1403 1508 1476 κατὰ

148 1520 178 1575 10
255 1502 323 1575 τόν
346 1502 467 1592 λόγον;
488 1497 600 1587 οῦτως
623 1509 659 1574 δέ
681 1495 724 1593 ἦν
745 1499 1045 1592 ἀποκεκρυμμένον
1067 1507 1105 1575 ἐν
1127 1508 1177 1593 τῷ
1200 1510 1273 1593 θεῷ
1297 1509 1402 1575 τοῦτο
1424 1500 1508 1593 πρό-

256 1630 363 1692 τερον
385 1601 425 1673 τό
452 1600 651 1694 μυστήριον,
679 1600 768 1676 ώστε
788 1608 914 1693 μηδένα
937 1609 999 1674 τοῦ
1020 1609 1190 1692 προτέρου
1217 1608 1303 1676 λαοῦ
1324 1609 1442 1690 σαφῶς
1465 1602 1507 1674 τὰ

253 1700 345 1773 κατὰ
367 1699 556 1792 τὸνλόγον
578 1708 712 1790 εἰδέναι)
733 1745 774 1755 -

192 1805 220 1870 εί
242 1799 285 1891 δὴ
309 1793 373 1873 οῦν
394 1808 500 1876 τοῦτο
524 1809 629 1892 λέγοι,
651 1808 859 1892 μανθανέτω
891 1796 945 1875 δτι
976 1810 1031 1875 καὶ
1062 1808 1129 1886 πᾶς
1150 1798 1320 1874 Ἰουδαίων
1347 1811 1421 1875 τών
1443 1802 1507 1875 τόν

193 1899 348 1987 Χριστὸν
379 1907 442 1974 τοῦ
471 1908 558 1975 θεοῦ
590 1902 636 1992 μὴ
666 1898 918 1991 έπεγνωκότων
951 1898 1193 1992 ὁμολογήσειεν
1223 1897 1266 1972 ἀν
1301 1900 1365 1974 τόν
1401 1899 1505 1992 λόγον

147 2015 177 2072 lb
193 2000 281 2088 ἔχειν
305 1998 370 2073 τόν
391 2000 475 2073 θεὸν
494 2009 551 2075 καὶ
572 2000 617 2094 μὴ
640 2001 725 2074 εἶναι
748 2001 885 2090 ἄλογον.
928 2008 1032 2075 τοῦτο
1055 2008 1091 2074 δε
1112 2009 1169 2073 καὶ
1191 2007 1379 2085 Σαβέλλιος
1402 1999 1504 2086 αὐτὸς
1522 2018 1556 2072 93

192 2105 248 2170 καί
269 2105 339 2183 πᾶς
353 2093 480 2189 Ἕλλην
506 2129 543 2172 τε
564 2109 620 2173 καὶ
641 2098 823 2190 βάρβαρος,
846 2097 865 2173 δ
888 2100 973 2173 θεὸν
994 2103 1080 2174 εἶναι
1101 2096 1338 2191 ὑφιστάμενος,
1361 2098 1504 2191 ἀναμφι·

193 2205 327 2284 λέκτως
349 2197 453 2290 φήσαι
474 2198 532 2272 όν·
567 2192 635 2292 όμα
664 2201 728 2291 γὰρ
758 2209 811 2293 τῷ
837 2199 923 2273 θεὸν
945 2206 1063 2285 εἰπεῖν,
1093 2209 1149 2272 καί
1172 2199 1283 2288 σοφὸν
1306 2198 1412 2273 αύτόν
1435 2220 1508 2274 νοεῖ

192 2306 247 2369 καί
271 2298 415 2389 λογικὸν
434 2306 491 2371 καί
513 2299 740 2372 δυνατόνκαὶ
762 2306 895 2373 δίκαιον
916 2307 972 2370 καί
995 2298 1137 2390 ἀγαθόν.
1173 2321 1275 2373 ποῖον
1296 2293 1361 2372 οῦν
1380 2299 1505 2392 μυστή-

193 2425 268 2488 ριον
290 2391 335 2488 ἦν
356 2396 655 2489 ἀποκεκρυμμένον
681 2398 723 2471 τό
751 2418 823 2483 τοῖς
844 2406 948 2472 πᾶσιν
970 2394 1261 2490 δμολογούμενον;
1284 2406 1335 2483 τίς
1358 2400 1420 2489 γὰρ
1442 2398 1505 2472 οῦκ

146 2507 176 2563 20
193 2495 236 2569 ἀν
259 2503 351 2569 εἴποι
373 2504 410 2570 ἐν
432 2507 483 2591 τῷ
505 2507 579 2590 θεῷ
606 2508 732 2586 σοφίαν
758 2501 842 2572 είναι
872 2505 928 2571 καὶ
959 2498 1102 2590 δύναμιν
1131 2507 1188 2570 καί
1220 2498 1313 2588 ζωὴν
1341 2508 1397 2570 καί
1428 2508 1504 2587 φώς

191 2605 246 2670 καί
278 2594 447 2690 ἀλήθειαν
481 2607 538 2671 καί
568 2597 785 2689 δικαιοσύνην
814 2606 870 2670 καὶ
901 2595 1083 2688 λόγονκαὶ
1105 2592 1218 2671 πῦνό
1246 2629 1280 2670 τι
1310 2598 1417 2671 καλὸν
1448 2609 1503 2671 καί

191 2694 342 2785 ἀγαθόν;
371 2705 502 2790 μᾶλλον
532 2704 568 2770 δέ
600 2695 709 2771 αὐτόν
731 2701 816 2771 είναι
837 2695 953 2770 πάντα
976 2704 1084 2770 ταῦτα
1114 2705 1170 2769 καί
1202 2707 1207 2785 Ι
1241 2703 1272 2768 εί
1301 2726 1335 2768 τι
1365 2695 1503 2769 τούτων
1522 2711 1580 2767 1⁰1

192 2789 370 2885 ἀνώτερόν
391 2808 511 2870 τεκαὶ
537 2816 696 2887 κρεῖττον
721 2806 776 2870 καί
803 2795 883 2889 ἡμῖν
909 2797 1102 2887 ἄγνωστον·
1139 2805 1248 2869 ταῦτα
1277 2797 1340 2887 γὰρ
1371 2793 1503 2870 αῦτοδί-

192 2902 317 2981 δακτος
340 2895 438 2983 φύσις
459 2894 638 2988 ὁμολογεῖν
660 2906 737 2987 περὶ
759 2904 822 2971 τοῦ
843 2903 929 2970 θεοῦ
943 2893 1060 2969 πάντα
1075 2896 1267 2989 ἄνθρωπον
1280 2895 1502 2987 ἐξαναγκάζει.

144 3008 175 3063 25
191 2996 296 3069 ἐνθεν
317 3002 373 3068 καί
395 2996 459 3069 τὸν
479 2997 556 3070 υίόν
579 2994 807 3088 διδασκόμεθα
828 2994 943 3069 πάντα
974 3003 1083 3070 ταῦτα
1114 2998 1213 3082 είναι,
1245 2989 1306 3070 ότε
1335 3004 1502 3088 μονογενῆ
1520 3014 1555 3071 94

190 3093 267 3166 υἱόν
288 3102 343 3166 καί
364 3090 688 3188 κληρονόμονόντα
711 3095 926 3184 τοῦπατρὸς
952 3104 1009 3169 καὶ
1036 3094 1139 3169 πάντ’
1166 3100 1289 3185 ἔχοντα
1316 3091 1379 3169 όσα
1405 3093 1501 3169 καὶὸ
1613 3165 1617 3173 .

189 3193 314 3285 πατήρ.
357 3194 410 3267 διὸ
438 3201 475 3268 έν
501 3204 616 3287 μορφῇ
637 3204 723 3271 θεοῦ
750 3204 905 3269 λέλεκται
927 3204 982 3267 καί
1011 3197 1114 3268 είκών
1137 3204 1200 3269 τοῦ
1221 3202 1306 3268 θεοῦ
1327 3195 1415 3268 κατὰ
1438 3197 1502 3269 τὸν

189 3305 291 3366 θεῖον
312 3290 510 3368 ἀπόστολον
537 3294 694 3387 φήσαντα
723 3290 779 3380 »ὃς
801 3300 838 3367 έν
860 3303 976 3386 μορφῇ
1003 3303 1087 3367 θεοῦ
1108 3292 1272 3385 ῦπδρχων
1295 3292 1354 3384 οῦχ
1377 3291 1502 3386 ἅρπαγ-

189 3394 257 3482 μὸν
277 3390 429 3485 ἡγήσατο
452 3397 536 3467 εἶναι
558 3399 613 3466 ίσα
635 3403 738 3488 θεῴι,
769 3404 825 3467 καὶ
846 3392 952 3467 πόλιν
986 3388 1041 3478 »ῦς
1063 3400 1157 3467 ἐστιν
1177 3395 1280 3466 είκών
1302 3402 1366 3467 τοῦ
1387 3403 1501 3468 θεοῦι.

141 3503 173 3561 ³0
189 3491 254 3564 οῦκ
285 3493 350 3582 ἀρα
377 3493 418 3566 τό
441 3495 580 3584 λογικόν
610 3495 696 3567 εἶναι
727 3493 789 3567 τόν
821 3494 908 3568 θεὸν
939 3501 1044 3568 τοῦτο
1074 3487 1118 3585 ἦν
1151 3493 1210 3565 »τὸ
1240 3494 1427 3585 μυστήριον
1458 3494 1499 3567 τὸ
1517 3512 1551 3567 95

190 3589 491 3685 ἀποκεκρυμμένον
512 3599 568 3667 δί’
591 3590 659 3666 ἀπὸ
682 3603 757 3666 τών
779 3593 918 3666 αἰώνων
943 3602 1000 3666 καὶ
1026 3590 1094 3667 ἀπὸ
1126 3601 1200 3665 τών
1229 3602 1391 3682 γενεώνι,
1423 3592 1500 3668 οῦδὲ

190 3699 297 3765 τοῦτο
337 3702 417 3765 »νῦν
453 3693 676 3784 ἐφανερώθη(
716 3692 758 3766 τὸ
794 3712 949 3781 φυσικαῖς
984 3697 1131 3778 ἐννοίαις
1166 3700 1269 3765 πᾶσιν
1300 3689 1500 3783 ἀνθρώποις

190 3794 417 3882 ἐγνωσμένον·
439 3789 526 3864 ἀλλὰ
548 3791 611 3882 γὰρ
633 3812 736 3865 ποῖον
751 3798 781 3864 εί
802 3789 915 3882 έροιτό
931 3821 992 3878 τις,
1015 3790 1238 3883 ἀποκρίνεται
1260 3788 1498 3877 δάπόστολος,

192 3897 286 3962 »νυνὶ
309 3897 345 3964 δὲ
366 3892 591 3983 ἐφανερώθη(
617 3900 727 3982 λέγων
752 3912 843 3974 »τοῖς
865 3887 972 3981 ἁγίοις
994 3888 1109 3976 αύτοῦ,
1133 3893 1184 3976 οίς
1199 3889 1368 3983 ἠθέλησεν
1382 3890 1401 3963 ό
1417 3893 1499 3976 θεὸς

141 3999 173 4055 35
189 3998 352 4081 γνωρίσαι
383 4000 417 4063 τί
448 3991 488 4063 τό
518 3998 670 4077 πλοῦτος
701 3999 763 4084 τῆς
793 3990 893 4081 δόξης
919 3997 984 4063 τοῦ
1009 3999 1193 4082 μυστηρίου
1215 3991 1344 4065 τούτου
1365 3995 1402 4064 ἐν
1424 4011 1498 4076 τοῖς

190 4094 341 4176 ἔθνεσιν,
365 4085 402 4176 ός
425 4095 517 4164 ἐστιν
541 4090 687 4182 Χριστὸς
709 4097 747 4163 έν
768 4089 875 4182 ῦμῑνι.
919 4090 1067 4179 Χριστός
1089 4085 1151 4165 οῦν
1174 4084 1279 4182 ἦντὸ
1301 4089 1495 4182 μυστήριον,
1509 4108 1546 4163 96

275 4259 314 4316 28
332 4260 404 4317 Phil.
421 4263 446 4330 2,
464 4263 531 4317 6-
550 4262 590 4318 29
608 4261 671 4319 Kol.
690 4264 713 4332 1,
732 4264 815 4318 15-
833 4264 905 4320 801
920 4263 981 4320 Kol.
1000 4269 1024 4327 1,
1042 4266 1076 4320 26
1093 4293 1126 4303 -
1145 4263 1183 4319 84
1203 4261 1265 4317 Καί.
1285 4265 1307 4324 1,
1325 4261 1367 4316 26.
1384 4261 1417 4315 27

273 4410 430 4483 2λέγοντα
447 4420 481 4473 <
498 4431 526 4468 m
558 4415 563 4480 1
595 4410 665 4469 διδ
683 4426 726 4467 mr
747 4412 842 4470 τδνἾ
874 4415 878 4482 Ι
910 4416 960 4471 καί
975 4417 1100 4487 χρῆσθαι
1118 4414 1155 4470 Kl
1173 4412 1373 4482 κεχρῆσθαιλί
1404 4412 1410 4480 Ι
1442 4410 1496 4480 θῆ

188 4511 222 4568 τδ
240 4513 304 4568 and.
321 4514 359 4569 st
383 4519 388 4583 1
415 4515 451 4570 16
469 4509 688 4583 ἀναμφιλέκτως
705 4529 747 4569 mr
769 4511 800 4572 ἐν
818 4512 998 4585 ἀμφιλέκτως
1015 4517 1040 4570 V
1056 4516 1076 4569 l.
1095 4512 1126 4571 ἐν
1145 4512 1435 4586 <ἀν>αμφιλέκτοις21
1456 4514 1493 4568 l?

187 4614 259 4671 θεδν
277 4627 317 4668 mr
339 4614 443 4688 θεῷί
474 4618 480 4684 Ι
511 4614 552 4671 20
571 4610 646 4672 εἴποι
664 4613 695 4673 έν
713 4636 740 4670 m
759 4612 911 4675 εἴποιενίί

243 4699 362 4745 Eusebius
375 4700 416 4745 IV.
1266 4703 1282 4758 ‘l
