<?xml version="1.0" encoding="UTF-8"?>
<!DOCTYPE html PUBLIC "-//W3C//DTD XHTML 1.0 Transitional//EN"
    "http://www.w3.org/TR/xhtml1/DTD/xhtml1-transitional.dtd">
<html xmlns="http://www.w3.org/1999/xhtml" xml:lang="en" lang="en">
 <head>
  <title>
</title>
<meta http-equiv="Content-Type" content="text/html;charset=utf-8" />
  <meta name='ocr-system' content='tesseract 3.04.00' />
  <meta name='ocr-capabilities' content='ocr_page ocr_carea ocr_par ocr_line ocrx_word'/>
</head>
<body>
  <div class='ocr_page' id='page_1' title='image "./diegriechischen01religoog/diegriechischen01religoog_0061.png"; bbox 0 0 3728 5508; ppageno 0'>
   <div class='ocr_carea' id='block_1_1' title="bbox 693 472 1514 539">
    <p class='ocr_par' dir='ltr' id='par_1_1' title="bbox 693 472 1514 539">
     <span class='ocr_line' id='line_1_1' title="bbox 693 472 1514 539; baseline -0.006 -11"><span class='ocrx_word' id='word_1_1' title='bbox 693 475 790 529; x_wconf 71' lang='lat' dir='ltr'><strong>eontra</strong></span> <span class='ocrx_word' id='word_1_2' title='bbox 807 472 968 527; x_wconf 72' lang='lat' dir='ltr'>Marcellum</span> <span class='ocrx_word' id='word_1_3' title='bbox 985 472 998 524; x_wconf 94' lang='grc' dir='ltr'>Ι</span> <span class='ocrx_word' id='word_1_4' title='bbox 1015 473 1039 527; x_wconf 93' lang='grc'><em>2.</em></span> <span class='ocrx_word' id='word_1_5' title='bbox 1478 477 1514 539; x_wconf 87' lang='lat'><em>13</em></span> 
     </span>
    </p>
   </div>
   <div class='ocr_carea' id='block_1_2' title="bbox 202 628 1619 925">
    <p class='ocr_par' dir='ltr' id='par_1_2' title="bbox 202 628 1619 925">
     <span class='ocr_line' id='line_1_2' title="bbox 203 628 1515 727; baseline -0.005 -19"><span class='ocrx_word' id='word_1_6' title='bbox 203 645 266 711; x_wconf 90' lang='grc' dir='ltr'><em>τοῦ</em></span> <span class='ocrx_word' id='word_1_7' title='bbox 281 634 407 727; x_wconf 86' lang='grc' dir='ltr'><em>ἀνδρὸς</em></span> <span class='ocrx_word' id='word_1_8' title='bbox 426 636 634 709; x_wconf 74' lang='grc' dir='ltr'><em>ἐποπτεύειν.</em></span> <span class='ocrx_word' id='word_1_9' title='bbox 669 640 704 723; x_wconf 74' lang='grc' dir='ltr'><em>ἐξ</em></span> <span class='ocrx_word' id='word_1_10' title='bbox 726 628 765 726; x_wconf 91' lang='grc' dir='ltr'><em>ῆς</em></span> <span class='ocrx_word' id='word_1_11' title='bbox 787 633 949 724; x_wconf 74' lang='grc' dir='ltr'><em>εὐχερείας</em></span> <span class='ocrx_word' id='word_1_12' title='bbox 971 632 1105 706; x_wconf 87' lang='grc' dir='ltr'><em>ἀκούσει</em></span> <span class='ocrx_word' id='word_1_13' title='bbox 1120 631 1226 705; x_wconf 79' lang='grc' dir='ltr'><em>αὐτοῦ</em></span> <span class='ocrx_word' id='word_1_14' title='bbox 1240 633 1304 706; x_wconf 88' lang='grc' dir='ltr'><em>τὸν</em></span> <span class='ocrx_word' id='word_1_15' title='bbox 1319 640 1515 722; x_wconf 87' lang='grc' dir='ltr'><em>Σολομῶνα</em></span> 
     </span>
     <span class='ocr_line' id='line_1_3' title="bbox 202 734 1619 827; baseline -0.003 -18"><span class='ocrx_word' id='word_1_16' title='bbox 202 737 390 827; x_wconf 76' lang='grc' dir='ltr'><em>προφήτην</em></span> <span class='ocrx_word' id='word_1_17' title='bbox 425 734 685 820; x_wconf 77' lang='grc' dir='ltr'><em>ἀποκαλοῦντος</em></span> <span class='ocrx_word' id='word_1_18' title='bbox 720 734 886 818; x_wconf 78' lang='grc' dir='ltr'><em>πολλάκις</em></span> <span class='ocrx_word' id='word_1_19' title='bbox 920 743 975 806; x_wconf 85' lang='grc' dir='ltr'><em>καί</em></span> <span class='ocrx_word' id='word_1_20' title='bbox 1006 736 1067 817; x_wconf 81' lang='grc' dir='ltr'><em>τὰς</em></span> <span class='ocrx_word' id='word_1_21' title='bbox 1089 741 1275 822; x_wconf 86' lang='grc' dir='ltr'><em>Παροιμίας</em></span> <span class='ocrx_word' id='word_1_22' title='bbox 1305 742 1516 822; x_wconf 70' lang='grc' dir='ltr'><em>προφητείας</em></span> <span class='ocrx_word' id='word_1_23' title='bbox 1609 782 1619 805; x_wconf 88' lang='grc'><strong>.</strong></span> 
     </span>
     <span class='ocr_line' id='line_1_4' title="bbox 204 827 1566 925; baseline -0.006 -18"><span class='ocrx_word' id='word_1_24' title='bbox 204 832 447 925; x_wconf 78' lang='grc' dir='ltr'><em>ὀνομάζοντος·</em></span> <span class='ocrx_word' id='word_1_25' title='bbox 479 834 592 924; x_wconf 83' lang='grc' dir='ltr'><em>ῶσπερ</em></span> <span class='ocrx_word' id='word_1_26' title='bbox 616 827 677 907; x_wconf 86' lang='grc' dir='ltr'><em>οῦν</em></span> <span class='ocrx_word' id='word_1_27' title='bbox 699 841 737 906; x_wconf 76' lang='grc' dir='ltr'><em>ἐν</em></span> <span class='ocrx_word' id='word_1_28' title='bbox 758 836 809 919; x_wconf 73' lang='grc' dir='ltr'><em>οἷς</em></span> <span class='ocrx_word' id='word_1_29' title='bbox 830 860 934 924; x_wconf 89' lang='grc' dir='ltr'><em>φησιν</em></span> <span class='ocrx_word' id='word_1_30' title='bbox 1532 840 1566 895; x_wconf 88' lang='grc'><em>26</em></span> 
     </span>
    </p>
   </div>
   <div class='ocr_carea' id='block_1_3' title="bbox 150 930 1572 4311">
    <p class='ocr_par' dir='ltr' id='par_1_3' title="bbox 150 930 1572 4311">
     <span class='ocr_line' id='line_1_5' title="bbox 265 930 1516 1024; baseline -0.002 -19"><span class='ocrx_word' id='word_1_31' title='bbox 265 930 1516 1024; x_wconf 68' lang='grc' dir='ltr'><em>(Να1111)τούτουγάρχάρινὸάγιῶτατυςπροφήτηςΣολομῶν»δέξασθαί</em></span> 
     </span>
     <span class='ocr_line' id='line_1_6' title="bbox 170 1031 1511 1125; baseline 0.001 -22"><span class='ocrx_word' id='word_1_32' title='bbox 170 1050 185 1103; x_wconf 80' lang='lat'><strong>5</strong></span> <span class='ocrx_word' id='word_1_33' title='bbox 265 1066 305 1107; x_wconf 91' lang='grc' dir='ltr'><em>τε</em></span> <span class='ocrx_word' id='word_1_34' title='bbox 321 1034 470 1122; x_wconf 84' lang='grc' dir='ltr'><em>στροφάς</em></span> <span class='ocrx_word' id='word_1_35' title='bbox 485 1031 617 1123; x_wconf 75' lang='grc' dir='ltr'><em>λόγωνι</em></span> <span class='ocrx_word' id='word_1_36' title='bbox 631 1040 703 1125; x_wconf 76' lang='grc' dir='ltr'><em>ἔφη,</em></span> <span class='ocrx_word' id='word_1_37' title='bbox 718 1043 773 1105; x_wconf 87' lang='grc' dir='ltr'><em>καί</em></span> <span class='ocrx_word' id='word_1_38' title='bbox 788 1032 893 1105; x_wconf 90' lang='grc' dir='ltr'><em>πάλιν</em></span> <span class='ocrx_word' id='word_1_39' title='bbox 910 1033 1039 1124; x_wconf 79' lang='grc' dir='ltr'><em>»ῥήσεις</em></span> <span class='ocrx_word' id='word_1_40' title='bbox 1054 1062 1091 1105; x_wconf 93' lang='grc' dir='ltr'><em>τε</em></span> <span class='ocrx_word' id='word_1_41' title='bbox 1107 1042 1228 1121; x_wconf 89' lang='grc' dir='ltr'><em>σοφῶν</em></span> <span class='ocrx_word' id='word_1_42' title='bbox 1243 1042 1299 1106; x_wconf 89' lang='grc' dir='ltr'><em>καὶ</em></span> <span class='ocrx_word' id='word_1_43' title='bbox 1315 1039 1511 1122; x_wconf 67' lang='grc' dir='ltr'><em>αἰνίγματα(</em></span> 
     </span>
     <span class='ocr_line' id='line_1_7' title="bbox 202 1127 1095 1226; baseline -0.004 -19"><span class='ocrx_word' id='word_1_44' title='bbox 202 1136 268 1226; x_wconf 88' lang='grc' dir='ltr'><em>τήν</em></span> <span class='ocrx_word' id='word_1_45' title='bbox 290 1145 473 1224; x_wconf 80' lang='grc' dir='ltr'><em>παροιμίαν</em></span> <span class='ocrx_word' id='word_1_46' title='bbox 495 1142 709 1225; x_wconf 80' lang='grc' dir='ltr'><em>προφητείαν</em></span> <span class='ocrx_word' id='word_1_47' title='bbox 731 1129 895 1220; x_wconf 77' lang='grc' dir='ltr'><em>ὀνομάζει,</em></span> <span class='ocrx_word' id='word_1_48' title='bbox 917 1142 973 1205; x_wconf 85' lang='grc' dir='ltr'><em>καὶ</em></span> <span class='ocrx_word' id='word_1_49' title='bbox 995 1127 1095 1216; x_wconf 82' lang='grc' dir='ltr'><em>αὖθις</em></span> 
     </span>
     <span class='ocr_line' id='line_1_8' title="bbox 263 1226 1515 1324; baseline -0.003 -17"><span class='ocrx_word' id='word_1_50' title='bbox 263 1241 338 1323; x_wconf 88' lang='lat' dir='ltr'><strong>(Nr.</strong></span> <span class='ocrx_word' id='word_1_51' title='bbox 362 1240 433 1324; x_wconf 90' lang='grc'>111)</span> <span class='ocrx_word' id='word_1_52' title='bbox 466 1232 517 1305; x_wconf 84' lang='grc' dir='ltr'><em>διό</em></span> <span class='ocrx_word' id='word_1_53' title='bbox 547 1264 605 1324; x_wconf 92' lang='grc' dir='ltr'><em>μοι</em></span> <span class='ocrx_word' id='word_1_54' title='bbox 635 1242 727 1306; x_wconf 80' lang='grc' dir='ltr'><em>δοκεῖ</em></span> <span class='ocrx_word' id='word_1_55' title='bbox 757 1230 776 1305; x_wconf 86' lang='grc' dir='ltr'>ὁ</span> <span class='ocrx_word' id='word_1_56' title='bbox 808 1234 1013 1321; x_wconf 79' lang='grc' dir='ltr'><em>σοφώτατος</em></span> <span class='ocrx_word' id='word_1_57' title='bbox 1044 1226 1146 1316; x_wconf 86' lang='grc' dir='ltr'><em>οῦτος</em></span> <span class='ocrx_word' id='word_1_58' title='bbox 1176 1230 1357 1322; x_wconf 85' lang='grc' dir='ltr'><em>προφήτης</em></span> <span class='ocrx_word' id='word_1_59' title='bbox 1386 1239 1442 1304; x_wconf 84' lang='grc' dir='ltr'><em>καί</em></span> <span class='ocrx_word' id='word_1_60' title='bbox 1473 1231 1515 1303; x_wconf 86' lang='grc' dir='ltr'><em>τὰ</em></span> 
     </span>
     <span class='ocr_line' id='line_1_9' title="bbox 263 1333 1321 1425; baseline -0.006 -19"><span class='ocrx_word' id='word_1_61' title='bbox 263 1343 390 1425; x_wconf 84' lang='grc' dir='ltr'><em>πρῶτα</em></span> <span class='ocrx_word' id='word_1_62' title='bbox 411 1333 544 1425; x_wconf 81' lang='grc' dir='ltr'><em>ῥήματα</em></span> <span class='ocrx_word' id='word_1_63' title='bbox 567 1342 629 1423; x_wconf 91' lang='grc' dir='ltr'><em>τῆς</em></span> <span class='ocrx_word' id='word_1_64' title='bbox 650 1342 862 1424; x_wconf 83' lang='grc' dir='ltr'><em>προφητείας</em></span> <span class='ocrx_word' id='word_1_65' title='bbox 883 1339 1125 1421; x_wconf 87' lang='grc' dir='ltr'><em>παροιμιωδῶς</em></span> <span class='ocrx_word' id='word_1_66' title='bbox 1147 1338 1321 1422; x_wconf 83' lang='grc' dir='ltr'><em>εἰρηκέναι.</em></span> 
     </span>
     <span class='ocr_line' id='line_1_10' title="bbox 200 1429 1565 1523; baseline -0.002 -19"><span class='ocrx_word' id='word_1_67' title='bbox 200 1443 256 1506; x_wconf 88' lang='grc' dir='ltr'><em>καί</em></span> <span class='ocrx_word' id='word_1_68' title='bbox 272 1435 434 1523; x_wconf 85' lang='grc' dir='ltr'><em>δεύτερον</em></span> <span class='ocrx_word' id='word_1_69' title='bbox 449 1441 484 1505; x_wconf 82' lang='grc' dir='ltr'><em>δὲ</em></span> <span class='ocrx_word' id='word_1_70' title='bbox 499 1440 554 1504; x_wconf 82' lang='grc' dir='ltr'><em>καί</em></span> <span class='ocrx_word' id='word_1_71' title='bbox 570 1441 689 1522; x_wconf 89' lang='grc' dir='ltr'><em>τρίτον</em></span> <span class='ocrx_word' id='word_1_72' title='bbox 703 1442 758 1504; x_wconf 87' lang='grc' dir='ltr'><em>καὶ</em></span> <span class='ocrx_word' id='word_1_73' title='bbox 773 1431 947 1516; x_wconf 80' lang='grc' dir='ltr'><em>πολλάκις,</em></span> <span class='ocrx_word' id='word_1_74' title='bbox 969 1431 1017 1515; x_wconf 84' lang='grc' dir='ltr'><em>ῶς</em></span> <span class='ocrx_word' id='word_1_75' title='bbox 1032 1435 1126 1521; x_wconf 84' lang='grc' dir='ltr'><em>ἔφην,</em></span> <span class='ocrx_word' id='word_1_76' title='bbox 1144 1440 1249 1504; x_wconf 91' lang='grc' dir='ltr'><em>τοῦτο</em></span> <span class='ocrx_word' id='word_1_77' title='bbox 1265 1452 1362 1515; x_wconf 79' lang='grc' dir='ltr'><em>ποιεί,</em></span> <span class='ocrx_word' id='word_1_78' title='bbox 1379 1429 1516 1521; x_wconf 84' lang='grc' dir='ltr'><em>ἀγνοῶν</em></span> <span class='ocrx_word' id='word_1_79' title='bbox 1532 1442 1565 1495; x_wconf 85' lang='grc'><em>27</em></span> 
     </span>
     <span class='ocr_line' id='line_1_11' title="bbox 154 1529 1514 1622; baseline -0.002 -15"><span class='ocrx_word' id='word_1_80' title='bbox 154 1547 184 1600; x_wconf 87' lang='grc'><em>10</em></span> <span class='ocrx_word' id='word_1_81' title='bbox 201 1530 257 1607; x_wconf 84' lang='grc' dir='ltr'><em>ότι</em></span> <span class='ocrx_word' id='word_1_82' title='bbox 283 1540 476 1622; x_wconf 73' lang='grc' dir='ltr'><em>»διαιρέσεις</em></span> <span class='ocrx_word' id='word_1_83' title='bbox 499 1529 717 1622; x_wconf 75' lang='grc' dir='ltr'><em>χαρισμάτων</em></span> <span class='ocrx_word' id='word_1_84' title='bbox 736 1537 836 1604; x_wconf 72' lang='grc' dir='ltr'><em>εἰσίν(</em></span> <span class='ocrx_word' id='word_1_85' title='bbox 862 1539 890 1603; x_wconf 84' lang='grc' dir='ltr'><em>εί</em></span> <span class='ocrx_word' id='word_1_86' title='bbox 910 1540 966 1601; x_wconf 83' lang='grc' dir='ltr'><em>καί</em></span> <span class='ocrx_word' id='word_1_87' title='bbox 989 1531 1030 1603; x_wconf 84' lang='grc' dir='ltr'><em>τὸ</em></span> <span class='ocrx_word' id='word_1_88' title='bbox 1049 1530 1150 1603; x_wconf 86' lang='grc' dir='ltr'><em>»αύτό</em></span> <span class='ocrx_word' id='word_1_89' title='bbox 1166 1539 1325 1620; x_wconf 76' lang='grc' dir='ltr'><em>πνεῦμαι,</em></span> <span class='ocrx_word' id='word_1_90' title='bbox 1348 1540 1402 1603; x_wconf 86' lang='grc' dir='ltr'><em>καὶ</em></span> <span class='ocrx_word' id='word_1_91' title='bbox 1419 1531 1514 1620; x_wconf 84' lang='grc' dir='ltr'><em>ἀλλω</em></span> 
     </span>
     <span class='ocr_line' id='line_1_12' title="bbox 201 1628 1516 1725; baseline -0.005 -19"><span class='ocrx_word' id='word_1_92' title='bbox 201 1643 263 1725; x_wconf 82' lang='grc' dir='ltr'><em>μὲν</em></span> <span class='ocrx_word' id='word_1_93' title='bbox 277 1641 427 1705; x_wconf 77' lang='grc' dir='ltr'><em>»δίδοται</em></span> <span class='ocrx_word' id='word_1_94' title='bbox 443 1632 544 1723; x_wconf 93' lang='grc' dir='ltr'><em>λόγος</em></span> <span class='ocrx_word' id='word_1_95' title='bbox 559 1641 697 1720; x_wconf 74' lang='grc' dir='ltr'><em>σοφίαςι</em></span> <span class='ocrx_word' id='word_1_96' title='bbox 710 1633 798 1704; x_wconf 85' lang='grc' dir='ltr'><em>κατὰ</em></span> <span class='ocrx_word' id='word_1_97' title='bbox 814 1630 876 1702; x_wconf 86' lang='grc' dir='ltr'><em>τὸν</em></span> <span class='ocrx_word' id='word_1_98' title='bbox 885 1628 1091 1715; x_wconf 88' lang='grc' dir='ltr'><em>ἀπόστολον,</em></span> <span class='ocrx_word' id='word_1_99' title='bbox 1111 1632 1224 1718; x_wconf 81' lang='grc' dir='ltr'><em>»ἄλλω</em></span> <span class='ocrx_word' id='word_1_100' title='bbox 1241 1629 1342 1721; x_wconf 80' lang='grc' dir='ltr'><em>λόγος</em></span> <span class='ocrx_word' id='word_1_101' title='bbox 1356 1632 1516 1720; x_wconf 80' lang='grc' dir='ltr'><em>γνώσεως</em></span> 
     </span>
     <span class='ocr_line' id='line_1_13' title="bbox 200 1729 1514 1823; baseline -0.002 -20"><span class='ocrx_word' id='word_1_102' title='bbox 200 1734 291 1806; x_wconf 83' lang='grc' dir='ltr'><em>κατὰ</em></span> <span class='ocrx_word' id='word_1_103' title='bbox 311 1734 351 1805; x_wconf 85' lang='grc' dir='ltr'><em>τό</em></span> <span class='ocrx_word' id='word_1_104' title='bbox 373 1731 457 1805; x_wconf 78' lang='grc' dir='ltr'><em>αὐτὸ</em></span> <span class='ocrx_word' id='word_1_105' title='bbox 482 1740 622 1822; x_wconf 87' lang='grc' dir='ltr'><em>πνεῦμα,</em></span> <span class='ocrx_word' id='word_1_106' title='bbox 645 1733 749 1823; x_wconf 74' lang='grc' dir='ltr'><em>ἑτέρω</em></span> <span class='ocrx_word' id='word_1_107' title='bbox 765 1741 879 1813; x_wconf 88' lang='grc' dir='ltr'><em>πίστις</em></span> <span class='ocrx_word' id='word_1_108' title='bbox 894 1737 931 1802; x_wconf 78' lang='grc' dir='ltr'><em>ἐν</em></span> <span class='ocrx_word' id='word_1_109' title='bbox 947 1740 997 1819; x_wconf 80' lang='grc' dir='ltr'><em>τῷ</em></span> <span class='ocrx_word' id='word_1_110' title='bbox 1014 1729 1108 1821; x_wconf 80' lang='grc' dir='ltr'><em>αύτῷ</em></span> <span class='ocrx_word' id='word_1_111' title='bbox 1123 1731 1296 1821; x_wconf 88' lang='grc' dir='ltr'><em>πνεύματι,</em></span> <span class='ocrx_word' id='word_1_112' title='bbox 1320 1731 1416 1821; x_wconf 85' lang='grc' dir='ltr'><em>άλλῳ</em></span> <span class='ocrx_word' id='word_1_113' title='bbox 1432 1760 1514 1817; x_wconf 89' lang='grc' dir='ltr'><em>προ-</em></span> 
     </span>
     <span class='ocr_line' id='line_1_14' title="bbox 201 1829 1565 1924; baseline -0.004 -20"><span class='ocrx_word' id='word_1_114' title='bbox 201 1843 356 1924; x_wconf 73' lang='grc' dir='ltr'><em>φητείαι.</em></span> <span class='ocrx_word' id='word_1_115' title='bbox 379 1830 494 1919; x_wconf 87' lang='grc' dir='ltr'><em>διόπερ</em></span> <span class='ocrx_word' id='word_1_116' title='bbox 511 1829 714 1921; x_wconf 82' lang='grc' dir='ltr'><em>ὁΣολομιῦν</em></span> <span class='ocrx_word' id='word_1_117' title='bbox 728 1841 849 1918; x_wconf 86' lang='grc' dir='ltr'><em>σοφίας</em></span> <span class='ocrx_word' id='word_1_118' title='bbox 858 1838 919 1921; x_wconf 79' lang='grc' dir='ltr'><em>μὲν</em></span> <span class='ocrx_word' id='word_1_119' title='bbox 934 1833 1082 1921; x_wconf 83' lang='grc' dir='ltr'><em>είληφῶς</em></span> <span class='ocrx_word' id='word_1_120' title='bbox 1094 1830 1237 1921; x_wconf 84' lang='grc' dir='ltr'><em>χάρισμα</em></span> <span class='ocrx_word' id='word_1_121' title='bbox 1250 1830 1513 1920; x_wconf 80' lang='grc' dir='ltr'><em>μεμαρτύρηται·</em></span> <span class='ocrx_word' id='word_1_122' title='bbox 1531 1845 1565 1899; x_wconf 88' lang='grc'><em>28</em></span> 
     </span>
     <span class='ocr_line' id='line_1_15' title="bbox 233 1928 1572 2051; baseline -0.004 -48"><span class='ocrx_word' id='word_1_123' title='bbox 233 1943 309 2004; x_wconf 84' lang='grc' dir='ltr'><em>»καὶ</em></span> <span class='ocrx_word' id='word_1_124' title='bbox 298 1936 457 2004; x_wconf 85' lang='grc' dir='ltr'><em>ὶέδωκεν</em></span> <span class='ocrx_word' id='word_1_125' title='bbox 479 1932 541 2022; x_wconf 84' lang='grc' dir='ltr'><em>γὰρ</em></span> <span class='ocrx_word' id='word_1_126' title='bbox 563 1931 678 2020; x_wconf 89' lang='grc' dir='ltr'><em>κύριος</em></span> <span class='ocrx_word' id='word_1_127' title='bbox 700 1938 750 2021; x_wconf 81' lang='grc' dir='ltr'><em>τῷ</em></span> <span class='ocrx_word' id='word_1_128' title='bbox 773 1938 958 2020; x_wconf 86' lang='grc' dir='ltr'><em>Σολομῶνι</em></span> <span class='ocrx_word' id='word_1_129' title='bbox 980 1939 1136 2017; x_wconf 81' lang='grc' dir='ltr'><em>σοφίανι,</em></span> <span class='ocrx_word' id='word_1_130' title='bbox 1160 1928 1208 2013; x_wconf 86' lang='grc' dir='ltr'><em>ῶς</em></span> <span class='ocrx_word' id='word_1_131' title='bbox 1229 1928 1377 2051; x_wconf 81' lang='grc' dir='ltr'><em>ήγραφή</em></span> <span class='ocrx_word' id='word_1_132' title='bbox 1401 1953 1513 2017; x_wconf 88' lang='grc' dir='ltr'><em>φησιν</em></span> <span class='ocrx_word' id='word_1_133' title='bbox 1534 1940 1572 1993; x_wconf 81' lang='lat'><em>14</em></span> 
     </span>
     <span class='ocr_line' id='line_1_16' title="bbox 153 2024 1514 2153; baseline -0.001 -53"><span class='ocrx_word' id='word_1_134' title='bbox 153 2049 183 2101; x_wconf 81' lang='lat'><em>15</em></span> <span class='ocrx_word' id='word_1_135' title='bbox 203 2041 278 2104; x_wconf 90' lang='grc' dir='ltr'><em>»καὶ</em></span> <span class='ocrx_word' id='word_1_136' title='bbox 302 2029 509 2121; x_wconf 67' lang='grc' dir='ltr'><em>ἐσοφίοθη“</em></span> <span class='ocrx_word' id='word_1_137' title='bbox 489 2060 573 2119; x_wconf 88' lang='grc' dir='ltr'><em>υπερ</em></span> <span class='ocrx_word' id='word_1_138' title='bbox 595 2030 726 2112; x_wconf 87' lang='grc' dir='ltr'><em>πάντας</em></span> <span class='ocrx_word' id='word_1_139' title='bbox 757 2029 999 2119; x_wconf 77' lang='grc' dir='ltr'><em>ἀνθρώπουςι·</em></span> <span class='ocrx_word' id='word_1_140' title='bbox 1033 2024 1113 2101; x_wconf 88' lang='grc' dir='ltr'><em>οῦτε</em></span> <span class='ocrx_word' id='word_1_141' title='bbox 1143 2037 1179 2101; x_wconf 82' lang='grc' dir='ltr'><em>δὲ</em></span> <span class='ocrx_word' id='word_1_142' title='bbox 1203 2031 1269 2102; x_wconf 86' lang='grc' dir='ltr'><em>τὸν</em></span> <span class='ocrx_word' id='word_1_143' title='bbox 1285 2038 1371 2153; x_wconf 83' lang='grc' dir='ltr'><em>βίον</em></span> <span class='ocrx_word' id='word_1_144' title='bbox 1383 2057 1514 2118; x_wconf 90' lang='grc' dir='ltr'><em>προφη-</em></span> 
     </span>
     <span class='ocr_line' id='line_1_17' title="bbox 201 2125 1515 2220; baseline -0.004 -16"><span class='ocrx_word' id='word_1_145' title='bbox 201 2133 302 2204; x_wconf 84' lang='grc' dir='ltr'><em>τικὸν</em></span> <span class='ocrx_word' id='word_1_146' title='bbox 323 2133 472 2220; x_wconf 82' lang='grc' dir='ltr'><em>ίσχηκῶς</em></span> <span class='ocrx_word' id='word_1_147' title='bbox 499 2125 579 2201; x_wconf 89' lang='grc' dir='ltr'><em>ούτε</em></span> <span class='ocrx_word' id='word_1_148' title='bbox 606 2130 669 2201; x_wconf 86' lang='grc' dir='ltr'><em>τόν</em></span> <span class='ocrx_word' id='word_1_149' title='bbox 696 2138 757 2219; x_wconf 91' lang='grc' dir='ltr'><em>τῆς</em></span> <span class='ocrx_word' id='word_1_150' title='bbox 785 2140 994 2218; x_wconf 86' lang='grc' dir='ltr'><em>προφητείας</em></span> <span class='ocrx_word' id='word_1_151' title='bbox 1019 2138 1227 2219; x_wconf 83' lang='grc' dir='ltr'><em>χαρακτῆρα,</em></span> <span class='ocrx_word' id='word_1_152' title='bbox 1257 2129 1320 2202; x_wconf 86' lang='grc' dir='ltr'><em>τὸν</em></span> <span class='ocrx_word' id='word_1_153' title='bbox 1352 2127 1420 2202; x_wconf 87' lang='grc' dir='ltr'><em>ἀπὸ</em></span> <span class='ocrx_word' id='word_1_154' title='bbox 1452 2136 1515 2201; x_wconf 88' lang='grc' dir='ltr'><em>τοῦ</em></span> 
     </span>
     <span class='ocr_line' id='line_1_18' title="bbox 203 2227 1516 2321; baseline -0.002 -19"><span class='ocrx_word' id='word_1_155' title='bbox 203 2230 305 2304; x_wconf 87' lang='grc' dir='ltr'><em>»τάδε</em></span> <span class='ocrx_word' id='word_1_156' title='bbox 336 2239 423 2321; x_wconf 80' lang='grc' dir='ltr'><em>λέγει</em></span> <span class='ocrx_word' id='word_1_157' title='bbox 448 2230 581 2320; x_wconf 67' lang='grc' dir='ltr'><em>κύριος(</em></span> <span class='ocrx_word' id='word_1_158' title='bbox 615 2239 689 2301; x_wconf 87' lang='grc' dir='ltr'><em>τῶν</em></span> <span class='ocrx_word' id='word_1_159' title='bbox 720 2259 756 2300; x_wconf 89' lang='grc' dir='ltr'><em>τε</em></span> <span class='ocrx_word' id='word_1_160' title='bbox 787 2227 1029 2319; x_wconf 83' lang='grc' dir='ltr'><em>ὁμοιοτρόπων</em></span> <span class='ocrx_word' id='word_1_161' title='bbox 1063 2229 1325 2320; x_wconf 77' lang='grc' dir='ltr'><em>χνωριζόμενον,</em></span> <span class='ocrx_word' id='word_1_162' title='bbox 1357 2230 1410 2301; x_wconf 84' lang='grc' dir='ltr'><em>διὰ</em></span> <span class='ocrx_word' id='word_1_163' title='bbox 1442 2235 1516 2299; x_wconf 87' lang='grc' dir='ltr'><em>τῶν</em></span> 
     </span>
     <span class='ocr_line' id='line_1_19' title="bbox 200 2325 1566 2420; baseline -0.004 -17"><span class='ocrx_word' id='word_1_164' title='bbox 200 2340 341 2403; x_wconf 84' lang='grc' dir='ltr'><em>οἰκείων</em></span> <span class='ocrx_word' id='word_1_165' title='bbox 363 2336 515 2420; x_wconf 77' lang='grc' dir='ltr'><em>ἐμφαίνει</em></span> <span class='ocrx_word' id='word_1_166' title='bbox 538 2327 662 2418; x_wconf 88' lang='grc' dir='ltr'><em>λόγων.</em></span> <span class='ocrx_word' id='word_1_167' title='bbox 706 2325 784 2400; x_wconf 80' lang='grc' dir='ltr'><em>ὁδε</em></span> <span class='ocrx_word' id='word_1_168' title='bbox 807 2328 942 2400; x_wconf 91' lang='grc' dir='ltr'><em>τούτων</em></span> <span class='ocrx_word' id='word_1_169' title='bbox 964 2326 1064 2401; x_wconf 89' lang='grc' dir='ltr'><em>σύδεν</em></span> <span class='ocrx_word' id='word_1_170' title='bbox 1090 2330 1187 2415; x_wconf 80' lang='grc' dir='ltr'><em>ἰδών,</em></span> <span class='ocrx_word' id='word_1_171' title='bbox 1220 2328 1333 2418; x_wconf 77' lang='grc' dir='ltr'><em>ὥσπερ</em></span> <span class='ocrx_word' id='word_1_172' title='bbox 1366 2359 1400 2400; x_wconf 90' lang='grc' dir='ltr'><em>τι</em></span> <span class='ocrx_word' id='word_1_173' title='bbox 1425 2355 1512 2417; x_wconf 90' lang='grc' dir='ltr'><em>χαρι·</em></span> <span class='ocrx_word' id='word_1_174' title='bbox 1533 2346 1566 2398; x_wconf 81' lang='grc'><em>29</em></span> 
     </span>
     <span class='ocr_line' id='line_1_20' title="bbox 201 2424 1514 2522; baseline -0.005 -18"><span class='ocrx_word' id='word_1_175' title='bbox 201 2429 343 2522; x_wconf 77' lang='grc' dir='ltr'><em>ζόμενος</em></span> <span class='ocrx_word' id='word_1_176' title='bbox 367 2439 417 2520; x_wconf 77' lang='grc' dir='ltr'><em>τῷ</em></span> <span class='ocrx_word' id='word_1_177' title='bbox 440 2427 538 2519; x_wconf 87' lang='grc' dir='ltr'><em>ἀνδρί</em></span> <span class='ocrx_word' id='word_1_178' title='bbox 558 2426 744 2520; x_wconf 85' lang='grc' dir='ltr'><em>προφήτην</em></span> <span class='ocrx_word' id='word_1_179' title='bbox 768 2426 874 2500; x_wconf 87' lang='grc' dir='ltr'><em>αύτὸν</em></span> <span class='ocrx_word' id='word_1_180' title='bbox 895 2439 998 2512; x_wconf 79' lang='grc' dir='ltr'><em>καλεῖ,</em></span> <span class='ocrx_word' id='word_1_181' title='bbox 1022 2428 1063 2500; x_wconf 87' lang='grc' dir='ltr'><em>ού</em></span> <span class='ocrx_word' id='word_1_182' title='bbox 1084 2435 1141 2503; x_wconf 66' lang='lat'><em>34³</em></span> <span class='ocrx_word' id='word_1_183' title='bbox 1162 2424 1362 2511; x_wconf 81' lang='grc' dir='ltr'><em>συνιεὶςότι</em></span> <span class='ocrx_word' id='word_1_184' title='bbox 1385 2433 1418 2501; x_wconf 93' lang='grc' dir='ltr'><em>οί</em></span> <span class='ocrx_word' id='word_1_185' title='bbox 1432 2456 1514 2515; x_wconf 90' lang='grc' dir='ltr'><em>προ-</em></span> 
     </span>
     <span class='ocr_line' id='line_1_21' title="bbox 150 2526 1515 2621; baseline -0.002 -22"><span class='ocrx_word' id='word_1_186' title='bbox 150 2545 183 2599; x_wconf 88' lang='grc'><em>20</em></span> <span class='ocrx_word' id='word_1_187' title='bbox 201 2539 312 2621; x_wconf 91' lang='grc' dir='ltr'><em>φῆται</em></span> <span class='ocrx_word' id='word_1_188' title='bbox 337 2536 545 2619; x_wconf 90' lang='grc' dir='ltr'><em>»περιῆλθον</em></span> <span class='ocrx_word' id='word_1_189' title='bbox 567 2535 604 2601; x_wconf 80' lang='grc' dir='ltr'><em>ἐν</em></span> <span class='ocrx_word' id='word_1_190' title='bbox 626 2541 812 2619; x_wconf 81' lang='grc' dir='ltr'><em>μηλωταῖς,</em></span> <span class='ocrx_word' id='word_1_191' title='bbox 842 2533 879 2599; x_wconf 84' lang='grc' dir='ltr'><em>έν</em></span> <span class='ocrx_word' id='word_1_192' title='bbox 906 2532 1042 2616; x_wconf 82' lang='grc' dir='ltr'><em>αἰγείοις</em></span> <span class='ocrx_word' id='word_1_193' title='bbox 1070 2535 1239 2618; x_wconf 83' lang='grc' dir='ltr'><em>δέρμασιν,</em></span> <span class='ocrx_word' id='word_1_194' title='bbox 1268 2526 1515 2616; x_wconf 70' lang='grc' dir='ltr'><em>ὑστερούμενοι,</em></span> 
     </span>
     <span class='ocr_line' id='line_1_22' title="bbox 201 2625 1516 2719; baseline -0.005 -17"><span class='ocrx_word' id='word_1_195' title='bbox 201 2627 410 2719; x_wconf 77' lang='grc' dir='ltr'><em>θλιβόμενοι,</em></span> <span class='ocrx_word' id='word_1_196' title='bbox 431 2628 723 2718; x_wconf 73' lang='grc' dir='ltr'><em>κακουχούμενοιι.</em></span> <span class='ocrx_word' id='word_1_197' title='bbox 759 2636 815 2698; x_wconf 85' lang='grc' dir='ltr'><em>καί</em></span> <span class='ocrx_word' id='word_1_198' title='bbox 838 2629 899 2711; x_wconf 82' lang='grc' dir='ltr'><em>τὰς</em></span> <span class='ocrx_word' id='word_1_199' title='bbox 920 2636 1107 2717; x_wconf 87' lang='grc' dir='ltr'><em>Παροιμίας</em></span> <span class='ocrx_word' id='word_1_200' title='bbox 1123 2635 1157 2701; x_wconf 76' lang='grc' dir='ltr'><em>δὲ</em></span> <span class='ocrx_word' id='word_1_201' title='bbox 1181 2625 1287 2700; x_wconf 87' lang='grc' dir='ltr'><em>αύτοῦ</em></span> <span class='ocrx_word' id='word_1_202' title='bbox 1301 2634 1516 2716; x_wconf 83' lang='grc' dir='ltr'><em>προφητείαν</em></span> 
     </span>
     <span class='ocr_line' id='line_1_23' title="bbox 201 2724 1515 2818; baseline -0.005 -16"><span class='ocrx_word' id='word_1_203' title='bbox 201 2733 289 2802; x_wconf 79' lang='grc' dir='ltr'><em>εἶναι</em></span> <span class='ocrx_word' id='word_1_204' title='bbox 312 2737 406 2818; x_wconf 86' lang='grc' dir='ltr'><em>λέγει,</em></span> <span class='ocrx_word' id='word_1_205' title='bbox 430 2736 481 2815; x_wconf 79' lang='grc' dir='ltr'><em>[εἰ]</em></span> <span class='ocrx_word' id='word_1_206' title='bbox 503 2735 656 2818; x_wconf 86' lang='grc' dir='ltr'><em>μηδαμοῦ</em></span> <span class='ocrx_word' id='word_1_207' title='bbox 679 2735 740 2817; x_wconf 91' lang='grc' dir='ltr'><em>τῆς</em></span> <span class='ocrx_word' id='word_1_208' title='bbox 762 2736 857 2809; x_wconf 91' lang='grc' dir='ltr'><em>θείας</em></span> <span class='ocrx_word' id='word_1_209' title='bbox 872 2734 1002 2817; x_wconf 79' lang='grc' dir='ltr'><em>γραφῆς</em></span> <span class='ocrx_word' id='word_1_210' title='bbox 1025 2727 1252 2817; x_wconf 77' lang='grc' dir='ltr'><em>διδασκούσης,</em></span> <span class='ocrx_word' id='word_1_211' title='bbox 1275 2724 1381 2798; x_wconf 89' lang='grc' dir='ltr'><em>αύτοῦ</em></span> <span class='ocrx_word' id='word_1_212' title='bbox 1401 2732 1436 2797; x_wconf 74' lang='grc' dir='ltr'><em>δὲ</em></span> <span class='ocrx_word' id='word_1_213' title='bbox 1451 2733 1515 2798; x_wconf 90' lang='grc' dir='ltr'><em>τοῦ</em></span> 
     </span>
     <span class='ocr_line' id='line_1_24' title="bbox 201 2826 1519 2917; baseline -0.003 -17"><span class='ocrx_word' id='word_1_214' title='bbox 201 2826 414 2916; x_wconf 88' lang='grc' dir='ltr'><em>σοφωτάτου</em></span> <span class='ocrx_word' id='word_1_215' title='bbox 448 2829 511 2899; x_wconf 83' lang='grc' dir='ltr'><em>σῦν</em></span> <span class='ocrx_word' id='word_1_216' title='bbox 532 2836 618 2917; x_wconf 84' lang='grc' dir='ltr'><em>θείω</em></span> <span class='ocrx_word' id='word_1_217' title='bbox 653 2828 820 2917; x_wconf 89' lang='grc' dir='ltr'><em>πνεύματι</em></span> <span class='ocrx_word' id='word_1_218' title='bbox 851 2828 959 2915; x_wconf 80' lang='grc' dir='ltr'><em>ταύτῃ</em></span> <span class='ocrx_word' id='word_1_219' title='bbox 981 2834 1042 2916; x_wconf 75' lang='grc' dir='ltr'><em>μὲν</em></span> <span class='ocrx_word' id='word_1_220' title='bbox 1065 2836 1107 2916; x_wconf 88' lang='grc' dir='ltr'><em>τῆ</em></span> <span class='ocrx_word' id='word_1_221' title='bbox 1136 2836 1240 2917; x_wconf 82' lang='grc' dir='ltr'><em>βίβλῳ</em></span> <span class='ocrx_word' id='word_1_222' title='bbox 1270 2833 1519 2897; x_wconf 81' lang='lat' dir='ltr'><em>HAPOIMIAI</em></span> 
     </span>
     <span class='ocr_line' id='line_1_25' title="bbox 201 2924 1515 3019; baseline -0.004 -19"><span class='ocrx_word' id='word_1_223' title='bbox 201 2924 312 3018; x_wconf 83' lang='grc' dir='ltr'><em>ὄνομα</em></span> <span class='ocrx_word' id='word_1_224' title='bbox 334 2934 474 3011; x_wconf 90' lang='grc' dir='ltr'><em>θέντος,</em></span> <span class='ocrx_word' id='word_1_225' title='bbox 502 2936 544 3016; x_wconf 88' lang='grc' dir='ltr'><em>τῆ</em></span> <span class='ocrx_word' id='word_1_226' title='bbox 566 2934 601 2999; x_wconf 79' lang='grc' dir='ltr'><em>δὲ</em></span> <span class='ocrx_word' id='word_1_227' title='bbox 628 2928 724 3019; x_wconf 76' lang='grc' dir='ltr'><em>ἑτέρᾳ</em></span> <span class='ocrx_word' id='word_1_228' title='bbox 747 2934 1113 2997; x_wconf 76' lang='grc' dir='ltr'><em>ΕΚΚΑΗΣΙΑΣΊῊΣ</em></span> <span class='ocrx_word' id='word_1_229' title='bbox 1139 2936 1194 2998; x_wconf 84' lang='grc' dir='ltr'><em>καὶ</em></span> <span class='ocrx_word' id='word_1_230' title='bbox 1226 2936 1268 3016; x_wconf 86' lang='grc' dir='ltr'><em>τῆ</em></span> <span class='ocrx_word' id='word_1_231' title='bbox 1299 2934 1397 3016; x_wconf 86' lang='grc' dir='ltr'><em>τρίτη</em></span> <span class='ocrx_word' id='word_1_232' title='bbox 1421 2932 1515 2995; x_wconf 86' lang='grc' dir='ltr'><em>ΑΙΣ·</em></span> 
     </span>
     <span class='ocr_line' id='line_1_26' title="bbox 152 3024 1566 3116; baseline 0.001 -21"><span class='ocrx_word' id='word_1_233' title='bbox 152 3042 184 3097; x_wconf 77' lang='grc'><em>25</em></span> <span class='ocrx_word' id='word_1_234' title='bbox 201 3035 332 3099; x_wconf 79' lang='grc' dir='ltr'><em>ΜΑΤΑ</em></span> <span class='ocrx_word' id='word_1_235' title='bbox 355 3033 610 3112; x_wconf 81' lang='grc' dir='ltr'><em>ΑΙΣΜΑΊὨΝ,</em></span> <span class='ocrx_word' id='word_1_236' title='bbox 642 3025 704 3099; x_wconf 87' lang='grc' dir='ltr'><em>οῦκ</em></span> <span class='ocrx_word' id='word_1_237' title='bbox 730 3025 822 3099; x_wconf 86' lang='grc' dir='ltr'><em>ἀθεεὶ</em></span> <span class='ocrx_word' id='word_1_238' title='bbox 845 3025 919 3098; x_wconf 75' lang='grc' dir='ltr'><em>οὐδ’</em></span> <span class='ocrx_word' id='word_1_239' title='bbox 951 3024 1164 3115; x_wconf 84' lang='grc' dir='ltr'><em>ἀνθρωπίνῳ</em></span> <span class='ocrx_word' id='word_1_240' title='bbox 1196 3034 1346 3116; x_wconf 78' lang='grc' dir='ltr'><em>λογισμῷ</em></span> <span class='ocrx_word' id='word_1_241' title='bbox 1376 3024 1515 3108; x_wconf 86' lang='grc' dir='ltr'><em>ταύταις</em></span> <span class='ocrx_word' id='word_1_242' title='bbox 1532 3042 1566 3097; x_wconf 78' lang='grc'><em>30</em></span> 
     </span>
     <span class='ocr_line' id='line_1_27' title="bbox 201 3122 1514 3216; baseline -0.002 -19"><span class='ocrx_word' id='word_1_243' title='bbox 201 3125 450 3210; x_wconf 78' lang='grc' dir='ltr'><em>ἐπιβάλλοντος</em></span> <span class='ocrx_word' id='word_1_244' title='bbox 481 3146 554 3209; x_wconf 83' lang='grc' dir='ltr'><em>ταῖς</em></span> <span class='ocrx_word' id='word_1_245' title='bbox 584 3132 785 3216; x_wconf 83' lang='grc' dir='ltr'><em>ἐπηγορίαις.</em></span> <span class='ocrx_word' id='word_1_246' title='bbox 839 3122 927 3198; x_wconf 85' lang='grc' dir='ltr'><em>ἀλλὰ</em></span> <span class='ocrx_word' id='word_1_247' title='bbox 958 3133 1013 3198; x_wconf 86' lang='grc' dir='ltr'><em>καὶ</em></span> <span class='ocrx_word' id='word_1_248' title='bbox 1046 3124 1154 3215; x_wconf 87' lang='grc' dir='ltr'><em>αύτῆν</em></span> <span class='ocrx_word' id='word_1_249' title='bbox 1185 3126 1249 3216; x_wconf 84' lang='grc' dir='ltr'><em>τήν</em></span> <span class='ocrx_word' id='word_1_250' title='bbox 1279 3123 1514 3197; x_wconf 86' lang='grc' dir='ltr'><em>θεόπνευστον</em></span> 
     </span>
     <span class='ocr_line' id='line_1_28' title="bbox 203 3222 1513 3316; baseline -0.001 -18"><span class='ocrx_word' id='word_1_251' title='bbox 203 3225 311 3298; x_wconf 72' lang='grc' dir='ltr'><em>αὐτοῦ</em></span> <span class='ocrx_word' id='word_1_252' title='bbox 342 3227 475 3316; x_wconf 85' lang='grc' dir='ltr'><em>γραφὴν</em></span> <span class='ocrx_word' id='word_1_253' title='bbox 506 3224 549 3298; x_wconf 81' lang='grc' dir='ltr'><em>δι’</em></span> <span class='ocrx_word' id='word_1_254' title='bbox 579 3224 784 3316; x_wconf 79' lang='grc' dir='ltr'><em>Ἑλληνικῶν</em></span> <span class='ocrx_word' id='word_1_255' title='bbox 812 3234 969 3315; x_wconf 85' lang='grc' dir='ltr'><em>πειρᾶται</em></span> <span class='ocrx_word' id='word_1_256' title='bbox 999 3223 1283 3314; x_wconf 85' lang='grc' dir='ltr'><em>παραδειγμάτων</em></span> <span class='ocrx_word' id='word_1_257' title='bbox 1313 3222 1513 3313; x_wconf 73' lang='grc' dir='ltr'><em>ἑρμηνεύειν,</em></span> 
     </span>
     <span class='ocr_line' id='line_1_29' title="bbox 202 3321 1513 3414; baseline -0.004 -16"><span class='ocrx_word' id='word_1_258' title='bbox 202 3324 267 3398; x_wconf 85' lang='grc' dir='ltr'><em>οῦκ</em></span> <span class='ocrx_word' id='word_1_259' title='bbox 298 3325 487 3408; x_wconf 77' lang='grc' dir='ltr'><em>ἐπακούσας</em></span> <span class='ocrx_word' id='word_1_260' title='bbox 512 3325 650 3397; x_wconf 86' lang='grc' dir='ltr'><em>Παύλου</em></span> <span class='ocrx_word' id='word_1_261' title='bbox 681 3334 743 3397; x_wconf 90' lang='grc' dir='ltr'><em>τοῦ</em></span> <span class='ocrx_word' id='word_1_262' title='bbox 774 3324 970 3398; x_wconf 88' lang='grc' dir='ltr'><em>ἀποστόλου</em></span> <span class='ocrx_word' id='word_1_263' title='bbox 1000 3332 1163 3414; x_wconf 89' lang='grc' dir='ltr'><em>λέγοντος</em></span> <span class='ocrx_word' id='word_1_264' title='bbox 1196 3321 1305 3413; x_wconf 82' lang='grc' dir='ltr'><em>»ήμεῑς</em></span> <span class='ocrx_word' id='word_1_265' title='bbox 1335 3332 1371 3395; x_wconf 83' lang='grc' dir='ltr'><em>δὲ</em></span> <span class='ocrx_word' id='word_1_266' title='bbox 1402 3321 1444 3396; x_wconf 91' lang='grc' dir='ltr'><em>οῦ</em></span> <span class='ocrx_word' id='word_1_267' title='bbox 1473 3323 1513 3394; x_wconf 87' lang='grc' dir='ltr'><em>τό</em></span> 
     </span>
     <span class='ocr_line' id='line_1_30' title="bbox 202 3422 1513 3514; baseline -0.003 -17"><span class='ocrx_word' id='word_1_268' title='bbox 202 3433 336 3511; x_wconf 88' lang='grc' dir='ltr'><em>πνεῦμα</em></span> <span class='ocrx_word' id='word_1_269' title='bbox 367 3432 431 3499; x_wconf 91' lang='grc' dir='ltr'><em>τοῦ</em></span> <span class='ocrx_word' id='word_1_270' title='bbox 455 3422 584 3514; x_wconf 89' lang='grc' dir='ltr'><em>κόσμου</em></span> <span class='ocrx_word' id='word_1_271' title='bbox 609 3424 773 3514; x_wconf 79' lang='grc' dir='ltr'><em>ἐλάβομεν</em></span> <span class='ocrx_word' id='word_1_272' title='bbox 795 3423 883 3496; x_wconf 82' lang='grc' dir='ltr'><em>ἀλλὰ</em></span> <span class='ocrx_word' id='word_1_273' title='bbox 906 3424 946 3495; x_wconf 88' lang='grc' dir='ltr'><em>τὸ</em></span> <span class='ocrx_word' id='word_1_274' title='bbox 969 3432 1102 3514; x_wconf 86' lang='grc' dir='ltr'><em>πνεῦμα</em></span> <span class='ocrx_word' id='word_1_275' title='bbox 1125 3424 1165 3496; x_wconf 86' lang='grc' dir='ltr'><em>τό</em></span> <span class='ocrx_word' id='word_1_276' title='bbox 1188 3429 1225 3494; x_wconf 79' lang='grc' dir='ltr'><em>ἐκ</em></span> <span class='ocrx_word' id='word_1_277' title='bbox 1248 3430 1310 3495; x_wconf 89' lang='grc' dir='ltr'><em>τοῦ</em></span> <span class='ocrx_word' id='word_1_278' title='bbox 1332 3431 1429 3503; x_wconf 86' lang='grc' dir='ltr'><em>θεοῦ,</em></span> <span class='ocrx_word' id='word_1_279' title='bbox 1459 3428 1513 3494; x_wconf 82' lang='grc' dir='ltr'><em>ἵνα</em></span> 
     </span>
     <span class='ocr_line' id='line_1_31' title="bbox 154 3521 1514 3615; baseline -0.001 -22"><span class='ocrx_word' id='word_1_280' title='bbox 154 3530 330 3614; x_wconf 85' lang='grc' dir='ltr'><em>3οίδωμεν</em></span> <span class='ocrx_word' id='word_1_281' title='bbox 353 3523 395 3595; x_wconf 82' lang='grc' dir='ltr'><em>τά</em></span> <span class='ocrx_word' id='word_1_282' title='bbox 416 3521 483 3595; x_wconf 87' lang='grc' dir='ltr'><em>ῦπό</em></span> <span class='ocrx_word' id='word_1_283' title='bbox 507 3532 569 3596; x_wconf 89' lang='grc' dir='ltr'><em>τοῦ</em></span> <span class='ocrx_word' id='word_1_284' title='bbox 591 3532 675 3596; x_wconf 88' lang='grc' dir='ltr'><em>θεοῦ</em></span> <span class='ocrx_word' id='word_1_285' title='bbox 695 3531 902 3613; x_wconf 87' lang='grc' dir='ltr'><em>χαρισθέντα</em></span> <span class='ocrx_word' id='word_1_286' title='bbox 932 3522 1023 3615; x_wconf 81' lang='grc' dir='ltr'><em>ἡμῖν·</em></span> <span class='ocrx_word' id='word_1_287' title='bbox 1055 3523 1076 3594; x_wconf 80' lang='grc' dir='ltr'><em>ἀ</em></span> <span class='ocrx_word' id='word_1_288' title='bbox 1107 3532 1162 3596; x_wconf 82' lang='grc' dir='ltr'><em>καὶ</em></span> <span class='ocrx_word' id='word_1_289' title='bbox 1194 3531 1362 3611; x_wconf 88' lang='grc' dir='ltr'><em>λαλοῦμεν</em></span> <span class='ocrx_word' id='word_1_290' title='bbox 1389 3521 1451 3595; x_wconf 89' lang='grc' dir='ltr'><em>οῦκ</em></span> <span class='ocrx_word' id='word_1_291' title='bbox 1478 3528 1514 3593; x_wconf 77' lang='grc' dir='ltr'><em>ἐν</em></span> 
     </span>
     <span class='ocr_line' id='line_1_32' title="bbox 203 3621 1515 3714; baseline -0.002 -17"><span class='ocrx_word' id='word_1_292' title='bbox 203 3632 374 3707; x_wconf 78' lang='grc' dir='ltr'><em>διδακτοῖς</em></span> <span class='ocrx_word' id='word_1_293' title='bbox 399 3622 621 3714; x_wconf 87' lang='grc' dir='ltr'><em>ἀνθρωπίνης</em></span> <span class='ocrx_word' id='word_1_294' title='bbox 647 3633 768 3711; x_wconf 90' lang='grc' dir='ltr'><em>σοφίας</em></span> <span class='ocrx_word' id='word_1_295' title='bbox 799 3621 925 3710; x_wconf 84' lang='grc' dir='ltr'><em>λόχοις,</em></span> <span class='ocrx_word' id='word_1_296' title='bbox 958 3621 1031 3696; x_wconf 78' lang='grc' dir='ltr'><em>ἀλλ’</em></span> <span class='ocrx_word' id='word_1_297' title='bbox 1062 3629 1099 3695; x_wconf 82' lang='grc' dir='ltr'><em>ἐν</em></span> <span class='ocrx_word' id='word_1_298' title='bbox 1131 3631 1300 3706; x_wconf 80' lang='grc' dir='ltr'><em>διδακτοῖς</em></span> <span class='ocrx_word' id='word_1_299' title='bbox 1321 3623 1515 3711; x_wconf 88' lang='grc' dir='ltr'><em>πνεύματος</em></span> 
     </span>
     <span class='ocr_line' id='line_1_33' title="bbox 203 3721 1515 3814; baseline -0.002 -19"><span class='ocrx_word' id='word_1_300' title='bbox 203 3721 309 3813; x_wconf 82' lang='grc' dir='ltr'><em>ἀγίου,</em></span> <span class='ocrx_word' id='word_1_301' title='bbox 331 3725 543 3813; x_wconf 85' lang='grc' dir='ltr'><em>πνευματικά</em></span> <span class='ocrx_word' id='word_1_302' title='bbox 564 3730 837 3812; x_wconf 82' lang='grc' dir='ltr'><em>&lt;πνευματικοῑς&gt;</em></span> <span class='ocrx_word' id='word_1_303' title='bbox 861 3733 1107 3814; x_wconf 88' lang='grc' dir='ltr'><em>συγκρίνοντες.</em></span> <span class='ocrx_word' id='word_1_304' title='bbox 1149 3722 1290 3812; x_wconf 82' lang='grc' dir='ltr'><em>ψυχικὸς</em></span> <span class='ocrx_word' id='word_1_305' title='bbox 1316 3730 1351 3792; x_wconf 82' lang='grc' dir='ltr'><em>δὲ</em></span> <span class='ocrx_word' id='word_1_306' title='bbox 1378 3723 1515 3810; x_wconf 88' lang='grc' dir='ltr'><em>ἀνθρω-</em></span> 
     </span>
     <span class='ocr_line' id='line_1_34' title="bbox 203 3820 1514 3914; baseline -0.001 -21"><span class='ocrx_word' id='word_1_307' title='bbox 203 3853 269 3906; x_wconf 89' lang='grc' dir='ltr'><em>πος</em></span> <span class='ocrx_word' id='word_1_308' title='bbox 291 3821 332 3895; x_wconf 85' lang='grc' dir='ltr'><em>ού</em></span> <span class='ocrx_word' id='word_1_309' title='bbox 354 3831 484 3912; x_wconf 91' lang='grc' dir='ltr'><em>δέχεται</em></span> <span class='ocrx_word' id='word_1_310' title='bbox 507 3824 551 3894; x_wconf 85' lang='grc' dir='ltr'><em>τὰ</em></span> <span class='ocrx_word' id='word_1_311' title='bbox 573 3830 635 3894; x_wconf 92' lang='grc' dir='ltr'><em>τοῦ</em></span> <span class='ocrx_word' id='word_1_312' title='bbox 656 3822 850 3912; x_wconf 90' lang='grc' dir='ltr'><em>πνεύματος</em></span> <span class='ocrx_word' id='word_1_313' title='bbox 872 3830 934 3894; x_wconf 89' lang='grc' dir='ltr'><em>τοῦ</em></span> <span class='ocrx_word' id='word_1_314' title='bbox 957 3831 1054 3896; x_wconf 90' lang='grc' dir='ltr'><em>θεοῦ·</em></span> <span class='ocrx_word' id='word_1_315' title='bbox 1080 3832 1190 3914; x_wconf 88' lang='grc' dir='ltr'><em>μωρία</em></span> <span class='ocrx_word' id='word_1_316' title='bbox 1212 3824 1275 3913; x_wconf 82' lang='grc' dir='ltr'><em>γὰρ</em></span> <span class='ocrx_word' id='word_1_317' title='bbox 1296 3820 1389 3913; x_wconf 82' lang='grc' dir='ltr'><em>αύτῷ</em></span> <span class='ocrx_word' id='word_1_318' title='bbox 1413 3827 1514 3905; x_wconf 75' lang='grc' dir='ltr'><em>ἐστιν,</em></span> 
     </span>
     <span class='ocr_line' id='line_1_35' title="bbox 203 3917 1515 4012; baseline 0 -20"><span class='ocrx_word' id='word_1_319' title='bbox 203 3932 259 3993; x_wconf 86' lang='grc' dir='ltr'><em>καὶ</em></span> <span class='ocrx_word' id='word_1_320' title='bbox 282 3920 323 3994; x_wconf 83' lang='grc' dir='ltr'><em>σύ</em></span> <span class='ocrx_word' id='word_1_321' title='bbox 345 3922 486 3994; x_wconf 88' lang='grc' dir='ltr'><em>δύναται</em></span> <span class='ocrx_word' id='word_1_322' title='bbox 507 3931 650 4012; x_wconf 89' lang='grc' dir='ltr'><em>γνῶναι,</em></span> <span class='ocrx_word' id='word_1_323' title='bbox 683 3917 737 3993; x_wconf 85' lang='grc' dir='ltr'><em>ότι</em></span> <span class='ocrx_word' id='word_1_324' title='bbox 767 3930 1005 4010; x_wconf 85' lang='grc' dir='ltr'><em>πνευματικῶς</em></span> <span class='ocrx_word' id='word_1_325' title='bbox 1036 3919 1278 4011; x_wconf 74' lang='grc' dir='ltr'><em>ἀνακρίνεταιι.</em></span> <span class='ocrx_word' id='word_1_326' title='bbox 1321 3931 1377 3993; x_wconf 88' lang='grc' dir='ltr'><em>καὶ</em></span> <span class='ocrx_word' id='word_1_327' title='bbox 1408 3929 1515 3992; x_wconf 88' lang='grc' dir='ltr'><em>ταῦτα</em></span> 
     </span>
     <span class='ocr_line' id='line_1_36' title="bbox 155 4017 1515 4112; baseline -0.001 -20"><span class='ocrx_word' id='word_1_328' title='bbox 155 4033 187 4086; x_wconf 79' lang='grc'><em>35</em></span> <span class='ocrx_word' id='word_1_329' title='bbox 205 4029 240 4091; x_wconf 86' lang='grc' dir='ltr'><em>δε</em></span> <span class='ocrx_word' id='word_1_330' title='bbox 262 4019 431 4111; x_wconf 87' lang='grc' dir='ltr'><em>ἀγνοήσας</em></span> <span class='ocrx_word' id='word_1_331' title='bbox 454 4017 472 4094; x_wconf 85' lang='grc' dir='ltr'>ὁ</span> <span class='ocrx_word' id='word_1_332' title='bbox 495 4041 649 4112; x_wconf 75' lang='grc' dir='ltr'><em>γενναῖος</em></span> <span class='ocrx_word' id='word_1_333' title='bbox 670 4029 826 4109; x_wconf 82' lang='grc' dir='ltr'><em>πειρᾶται</em></span> <span class='ocrx_word' id='word_1_334' title='bbox 849 4020 929 4112; x_wconf 79' lang='grc' dir='ltr'><em>ἡμῖν</em></span> <span class='ocrx_word' id='word_1_335' title='bbox 951 4030 985 4108; x_wconf 78' lang='grc' dir='ltr'><em>ἐξ</em></span> <span class='ocrx_word' id='word_1_336' title='bbox 1006 4019 1213 4112; x_wconf 84' lang='grc' dir='ltr'><em>Ἑλληνικῶν</em></span> <span class='ocrx_word' id='word_1_337' title='bbox 1236 4019 1515 4111; x_wconf 84' lang='grc' dir='ltr'><em>ἀναγνωσμάτων</em></span> 
     </span>
     <span class='ocr_line' id='line_1_37' title="bbox 205 4118 1515 4210; baseline 0 -20"><span class='ocrx_word' id='word_1_338' title='bbox 205 4120 269 4210; x_wconf 89' lang='grc' dir='ltr'><em>τήν</em></span> <span class='ocrx_word' id='word_1_339' title='bbox 297 4129 370 4193; x_wconf 85' lang='grc' dir='ltr'><em>τῶν</em></span> <span class='ocrx_word' id='word_1_340' title='bbox 401 4130 507 4193; x_wconf 93' lang='grc' dir='ltr'><em>θείων</em></span> <span class='ocrx_word' id='word_1_341' title='bbox 529 4130 725 4210; x_wconf 81' lang='grc' dir='ltr'><em>Παροιμιῶν</em></span> <span class='ocrx_word' id='word_1_342' title='bbox 756 4119 909 4193; x_wconf 89' lang='grc' dir='ltr'><em>διάνοιαν</em></span> <span class='ocrx_word' id='word_1_343' title='bbox 939 4129 1181 4210; x_wconf 87' lang='grc' dir='ltr'><em>παρατιθέναι,</em></span> <span class='ocrx_word' id='word_1_344' title='bbox 1215 4128 1342 4193; x_wconf 91' lang='grc' dir='ltr'><em>τοῦτον</em></span> <span class='ocrx_word' id='word_1_345' title='bbox 1371 4118 1515 4210; x_wconf 88' lang='grc' dir='ltr'><em>γράφων</em></span> 
     </span>
     <span class='ocr_line' id='line_1_38' title="bbox 206 4219 727 4311; baseline 0.004 -20"><span class='ocrx_word' id='word_1_346' title='bbox 206 4219 322 4305; x_wconf 86' lang='grc' dir='ltr'><em>αύτοῑς</em></span> <span class='ocrx_word' id='word_1_347' title='bbox 344 4219 487 4311; x_wconf 81' lang='grc' dir='ltr'><em>ῥήμασιν</em></span> <span class='ocrx_word' id='word_1_348' title='bbox 508 4220 572 4292; x_wconf 84' lang='grc' dir='ltr'><em>τὸν</em></span> <span class='ocrx_word' id='word_1_349' title='bbox 595 4221 727 4309; x_wconf 90' lang='grc' dir='ltr'><em>τρόπον</em></span> 
     </span>
    </p>
   </div>
   <div class='ocr_carea' id='block_1_4' title="bbox 206 4390 1514 4559">
    <p class='ocr_par' dir='ltr' id='par_1_4' title="bbox 206 4390 1514 4559">
     <span class='ocr_line' id='line_1_39' title="bbox 289 4390 1514 4459; baseline -0.002 -13"><span class='ocrx_word' id='word_1_350' title='bbox 289 4391 308 4446; x_wconf 83' lang='lat'>4</span> <span class='ocrx_word' id='word_1_351' title='bbox 327 4391 470 4457; x_wconf 84' lang='lat' dir='ltr'>Prov.1‚3</span> <span class='ocrx_word' id='word_1_352' title='bbox 488 4422 521 4429; x_wconf 96' lang='lat'>-</span> <span class='ocrx_word' id='word_1_353' title='bbox 540 4391 605 4445; x_wconf 83' lang='lat'><em>101</em></span> <span class='ocrx_word' id='word_1_354' title='bbox 624 4393 688 4445; x_wconf 86' lang='lat' dir='ltr'>Kor.</span> <span class='ocrx_word' id='word_1_355' title='bbox 708 4395 748 4459; x_wconf 88' lang='grc'><em>12,</em></span> <span class='ocrx_word' id='word_1_356' title='bbox 766 4398 783 4447; x_wconf 87' lang='grc'>4</span> <span class='ocrx_word' id='word_1_357' title='bbox 800 4423 833 4431; x_wconf 91' lang='grc'><strong>-</strong></span> <span class='ocrx_word' id='word_1_358' title='bbox 853 4394 889 4447; x_wconf 90' lang='grc'><em>11</em></span> <span class='ocrx_word' id='word_1_359' title='bbox 910 4393 921 4445; x_wconf 96' lang='lat' dir='ltr'>I</span> <span class='ocrx_word' id='word_1_360' title='bbox 941 4390 1004 4447; x_wconf 86' lang='lat' dir='ltr'><strong>Kor.</strong></span> <span class='ocrx_word' id='word_1_361' title='bbox 1023 4393 1063 4455; x_wconf 92' lang='grc'><em>12,</em></span> <span class='ocrx_word' id='word_1_362' title='bbox 1075 4392 1161 4447; x_wconf 87' lang='grc'>8-10</span> <span class='ocrx_word' id='word_1_363' title='bbox 1177 4423 1211 4431; x_wconf 91' lang='lat'>-</span> <span class='ocrx_word' id='word_1_364' title='bbox 1231 4392 1300 4446; x_wconf 85' lang='grc'><em>141</em></span> <span class='ocrx_word' id='word_1_365' title='bbox 1319 4392 1386 4445; x_wconf 79' lang='grc' dir='ltr'><em>Κδυ.</em></span> <span class='ocrx_word' id='word_1_366' title='bbox 1397 4394 1421 4455; x_wconf 82' lang='grc'><em>1,</em></span> <span class='ocrx_word' id='word_1_367' title='bbox 1431 4391 1471 4445; x_wconf 78' lang='grc'><em>25.</em></span> <span class='ocrx_word' id='word_1_368' title='bbox 1482 4392 1514 4444; x_wconf 74' lang='grc'><em>21</em></span> 
     </span>
     <span class='ocr_line' id='line_1_40' title="bbox 206 4494 1244 4559; baseline 0 -12"><span class='ocrx_word' id='word_1_369' title='bbox 206 4494 288 4547; x_wconf 80' lang='lat'><em>-17</em></span> <span class='ocrx_word' id='word_1_370' title='bbox 310 4496 453 4559; x_wconf 82' lang='grc' dir='ltr'><em>Αωοε1,6</em></span> <span class='ocrx_word' id='word_1_371' title='bbox 472 4510 498 4548; x_wconf 88' lang='lat' dir='ltr'><em>u.</em></span> <span class='ocrx_word' id='word_1_372' title='bbox 516 4498 540 4547; x_wconf 79' lang='grc' dir='ltr'><em>δ.</em></span> <span class='ocrx_word' id='word_1_373' title='bbox 559 4523 592 4532; x_wconf 94' lang='grc'>-</span> <span class='ocrx_word' id='word_1_374' title='bbox 610 4495 651 4548; x_wconf 81' lang='grc'><em>20</em></span> <span class='ocrx_word' id='word_1_375' title='bbox 668 4494 750 4548; x_wconf 82' lang='lat' dir='ltr'>Hebr.</span> <span class='ocrx_word' id='word_1_376' title='bbox 770 4497 809 4555; x_wconf 85' lang='grc'>11,</span> <span class='ocrx_word' id='word_1_377' title='bbox 828 4496 860 4549; x_wconf 81' lang='grc'><em>37</em></span> <span class='ocrx_word' id='word_1_378' title='bbox 878 4526 912 4534; x_wconf 91' lang='grc'>-</span> <span class='ocrx_word' id='word_1_379' title='bbox 931 4496 970 4550; x_wconf 85' lang='grc'><em>28</em></span> <span class='ocrx_word' id='word_1_380' title='bbox 988 4496 1001 4547; x_wconf 90' lang='lat'>1</span> <span class='ocrx_word' id='word_1_381' title='bbox 1020 4494 1082 4548; x_wconf 84' lang='lat' dir='ltr'>Kor.</span> <span class='ocrx_word' id='word_1_382' title='bbox 1101 4495 1125 4559; x_wconf 82' lang='lat'><em>2,</em></span> <span class='ocrx_word' id='word_1_383' title='bbox 1144 4496 1244 4547; x_wconf 85' lang='grc'>12-14</span> 
     </span>
    </p>
   </div>
   <div class='ocr_carea' id='block_1_5' title="bbox 290 4642 1188 4716">
    <p class='ocr_par' dir='ltr' id='par_1_5' title="bbox 290 4642 1188 4716">
     <span class='ocr_line' id='line_1_41' title="bbox 290 4642 1188 4716; baseline 0.001 -16"><span class='ocrx_word' id='word_1_384' title='bbox 290 4645 329 4700; x_wconf 74' lang='grc'><em>22</em></span> <span class='ocrx_word' id='word_1_385' title='bbox 348 4642 375 4701; x_wconf 83' lang='grc' dir='ltr'><em>εί</em></span> <span class='ocrx_word' id='word_1_386' title='bbox 391 4647 439 4699; x_wconf 70' lang='lat' dir='ltr'><em>stt.</em></span> <span class='ocrx_word' id='word_1_387' title='bbox 457 4646 578 4714; x_wconf 73' lang='grc'>110132</span> <span class='ocrx_word' id='word_1_388' title='bbox 597 4654 799 4715; x_wconf 79' lang='grc' dir='ltr'><em>πνευματικοῖς</em></span> <span class='ocrx_word' id='word_1_389' title='bbox 817 4664 836 4716; x_wconf 79' lang='lat' dir='ltr'>g</span> <span class='ocrx_word' id='word_1_390' title='bbox 853 4647 924 4701; x_wconf 76' lang='lat' dir='ltr'>nach</span> <span class='ocrx_word' id='word_1_391' title='bbox 942 4647 989 4700; x_wconf 83' lang='lat' dir='ltr'><em>NT</em></span> <span class='ocrx_word' id='word_1_392' title='bbox 1006 4664 1032 4699; x_wconf 87' lang='lat' dir='ltr'><em>u.</em></span> <span class='ocrx_word' id='word_1_393' title='bbox 1052 4647 1076 4701; x_wconf 85' lang='lat' dir='ltr'><em>S.</em></span> <span class='ocrx_word' id='word_1_394' title='bbox 1096 4650 1136 4711; x_wconf 82' lang='lat'><em>16,</em></span> <span class='ocrx_word' id='word_1_395' title='bbox 1156 4649 1188 4702; x_wconf 90' lang='grc'>10</span> 
     </span>
    </p>
   </div>
   <div class='ocr_carea' id='block_1_6' title="bbox 0 0 1880 5508">
    <p class='ocr_par' dir='ltr' id='par_1_6' title="bbox 0 0 1880 5508">
     <span class='ocr_line' id='line_1_42' title="bbox 0 0 1880 5508; baseline 0 0"><span class='ocrx_word' id='word_1_396' title='bbox 0 0 1880 5508; x_wconf 95' lang='lat' dir='ltr'><em> </em></span> 
     </span>
    </p>
   </div>
  </div>
 </body>
</html>
