3728 5508
674 472 771 524 eontra
787 468 948 525 Marcellum
966 469 977 523 1
994 474 1020 526 4.
1456 483 1493 545 19

183 640 323 725 αἵρεσιν,
341 640 493 706 δεικτέον
512 637 517 722 Ι
537 627 586 714 τίς
600 628 929 722 προῖοὸνὮριγένσυς
941 639 1004 706 τοῦ
1016 629 1122 705 πάλαι
1132 642 1314 725 γενομένου
1328 643 1492 728 μέμνηται
1511 651 1552 708 20

183 732 233 819 σάς
256 729 507 824 ὁμοδοξοῦντες
528 750 603 814 τοῖς
624 738 698 805 νυνὶ
724 731 812 820 πρὸς
834 728 942 804 αύτοῦ
963 739 1248 825 διαβαλλομένοις.
1289 738 1356 827 ἐγώ
1380 742 1415 808 δέ
1437 745 1493 809 καὶ

182 831 375 924 Ὦριγένους
414 837 656 920 παλαιοτέρων
696 828 835 921 ἀνδρῶν
870 841 949 905 πλεί
950 856 1042 917 στοις
1079 828 1172 920 ύσοις
1207 840 1493 926 ἐκκλησιαστικαῖς

183 930 437 1025 συγγράμμασιν
470 931 692 1023 ἐντετύχηκα,
724 928 922 1004 ἐπισκόπων
957 959 994 1003 τε
1028 940 1083 1005 καὶ
1114 932 1270 1008 συνόδων
1299 940 1493 1020 ἐπιστολαῖς

148 1030 364 1122 σδιαφύροις
398 1030 574 1122 πρόπαλαι
610 1039 817 1122 γραφείσαις,
855 1028 896 1102 δι’
925 1023 976 1104 ὦν
1011 1033 1058 1116 είς
1093 1031 1204 1107 καί
1184 1066 1204 1107 ο
1240 1033 1344 1118 αύτύς
1379 1030 1398 1108 ύ
1431 1042 1493 1125 τῆς

180 1141 333 1216 πίστεως
354 1132 526 1223 χαρακτήρ
549 1129 800 1206 ἀποδείκνυται
837 1127 900 1204 ούκ
921 1128 1082 1219 doado*
1061 1162 1126 1222 αρα
1148 1141 1363 1224 διαβέβληκεν
1384 1138 1493 1208 εἰπάν
1526 1149 1544 1204 9

181 1231 350 1322 <ταύτην>
380 1237 592 1305 ἐπινοεῖσθαι
627 1239 689 1304 νῦν
720 1228 896 1320 αἵρεσιν
876 1230 944 1304 υπὸ
973 1240 1047 1305 τῶν
1077 1241 1360 1325 διαβαλλομένων.
1407 1235 1492 1325 μετά

182 1339 295 1405 ταῦτα
329 1331 452 1422 μικρὸν
486 1333 675 1422 προελθών
711 1328 752 1403 σύ
782 1330 846 1404 τὸν
875 1328 1045 1421 Ἀστέριον
1073 1329 1194 1423 μόνον,
1227 1332 1313 1408 ἀλλὰ
1341 1344 1399 1406 καί
1429 1334 1493 1408 τὸν

181 1439 290 1521 μέγαν
311 1429 488 1518 Εύσέβιον,
516 1424 557 1505 οὗ
584 1438 646 1521 τῆς
671 1435 858 1520 ἐπισκοπῆς
884 1441 1040 1504 πλεῖσται
1065 1440 1121 1506 καὶ
1144 1442 1318 1523 διαφανεῖς
1338 1440 1494 1524 ἐπαρχίαν

133 1547 165 1601 10
181 1560 218 1604 τε
248 1538 305 1604 καὶ
331 1530 449 1615 πόλεις
474 1529 765 1622 μετεποιήθησαν,
796 1537 911 1614 κακῶς
942 1527 1093 1620 ἀγορεύει
1116 1539 1244 1606 τοῦτον
1270 1533 1333 1605 τὸν
1360 1533 1493 1625 τρόπον

245 1637 317 1719 (Nr
333 1641 384 1718 29)
410 1629 597 1722 ὑπομνήσω
620 1637 659 1703 δέ
692 1654 727 1702 σε
763 1659 814 1701 ων
836 1626 940 1713 αύτὸς
962 1637 1129 1722 γέγραφεν
1157 1630 1399 1723 συνιστάμενος
1420 1654 1493 1718 τοῖς

245 1740 362 1813 κακῶς
376 1728 444 1805 ύπὸ
465 1740 628 1818 Ενσεβίου
642 1749 828 1821 γραφεῖσιν,
843 1734 899 1802 ἵνα
913 1738 1004 1821 γνῷς
1020 1762 1075 1803 οτι
1091 1727 1276 1820 ἀφίσταται
1290 1741 1408 1822 σαφῶς
1431 1762 1493 1823 της

246 1838 418 1922 προτέρας
447 1836 655 1922 ἐπαγγελίας.
699 1837 865 1922 γέγραφεν
887 1830 950 1920 γάρ
977 1827 1096 1914 αύταῖς
1117 1837 1246 1918 λέξεσιν
1273 1827 1401 1917 ούτως·
1446 1833 1491 1905 τὸ
1510 1853 1544 1907 10

244 1932 318 2022 γάρ
344 1929 569 2020 κεφάλαιον
600 1934 706 2004 εἶναι
732 1937 803 2020 τῆς
829 1935 1046 2017 ἐπιστολῆς
1068 1934 1133 2003 ἐπὶ
1155 1930 1228 2021 τὴν
1250 1932 1399 2022 βουλὴν
1422 1940 1493 2007 τοῦ

244 2030 401 2121 πατρὸς
431 2027 663 2120 ἀνενεγκεῖν
690 2036 763 2104 τοῦ
784 2034 872 2103 υἱοῦ
894 2030 968 2121 τήν
994 2037 1164 2121 γένεσιν,
1190 2038 1255 2102 καὶ
1285 2032 1334 2123 μή
1360 2031 1493 2117 πάθος

245 2129 456 2223 ἀποφῆναι
478 2139 552 2205 τού
573 2138 672 2205 θεοῦ
694 2131 759 2221 τὴν
784 2127 917 2220 γονήν.
960 2124 1058 2220 ὅπερ
1080 2136 1117 2203 οί
1143 2131 1380 2219 σοφώτατοι
1410 2141 1492 2205 τῶν

244 2238 436 2320 πατέρων
462 2236 503 2305 ἐν
525 2250 611 2315 τοῖς
632 2236 797 2314 οἰκείοις
819 2227 1090 2322 συντάγμασιν
1112 2226 1393 2322 ἀπεφήναντο,
1424 2261 1492 2322 φυ-

243 2330 462 2423 λαξάμενοι
493 2339 576 2403 τῶν
606 2336 827 2421 αλρετικων
857 2329 932 2419 τήν
966 2326 1165 2419 ἀσέβειαν,
1197 2336 1235 2404 οἳ
1260 2331 1492 2423 σωματικήν

244 2460 339 2503 τινα
367 2438 432 2503 καὶ
453 2430 686 2521 παθητικήν
715 2429 1022 2517 κατεψεύσαντο
1049 2437 1120 2502 τοῦ
1143 2438 1239 2503 θεοῦ
1261 2430 1336 2521 τὴν
1358 2459 1493 2503 τεκνο-

131 2550 164 2606 20
243 2541 398 2622 γονίαν,
422 2530 494 2614 τάς
514 2529 718 2621 προβολὰς
740 2535 1060 2620 δογματίζοντες.

179 2639 236 2703 καί
258 2629 347 2720 πρὸς
370 2629 496 2714 ταύτας
517 2636 553 2702 δέ
575 2629 637 2714 τὰς
659 2627 779 2718 φωνάς
803 2628 938 2718 πολλήν
953 2631 1028 2719 ἑξῆς
1041 2649 1190 2703 ποιεῖται
1206 2630 1271 2721 τήν
1286 2626 1491 2721 ἀντίρρησιν,
1509 2649 1541 2702 11

179 2729 257 2820 μεθ’
288 2731 331 2822 ἣν
352 2728 571 2804 ἐπισυνάπτει
593 2736 704 2818 λέγων

243 2835 314 2919 (Nr.
334 2836 386 2921 30)
413 2828 503 2902 ὥστε
524 2835 750 2921 συνηγορήσαι
776 2825 925 2918 Εύσεβίῳ
952 2836 1066 2913 κακῶς
1092 2826 1264 2919 γράψαντι
1286 2829 1493 2922 βουλόμενος

242 2928 425 3020 Ἀστέριος,
449 2928 605 3018 φύσεως
625 2958 668 3001 τε
689 2929 843 3018 πατρὸς
863 2935 929 2999 καὶ
951 2927 1107 3018 φύσεως
1137 2926 1394 3020 [ἀλγεννητού
1414 2960 1494 3022 μνη·

133 3046 165 3101 ‘25
242 3030 419 3120 μσνεύσας,
442 3027 545 3114 αύτὸς
567 3031 689 3102 ἐαυτοῦ
707 3026 897 3119 κατήγορος
919 3035 1064 3117 γέγονεν.
1099 3029 1189 3101 πολύ
1210 3030 1273 3118 γὰρ
1294 3037 1430 3114 βέλτιον
1451 3023 1494 3121 ήν

243 3129 292 3202 τὸ
314 3127 439 3217 βάθος
466 3136 538 3201 τοῦ
566 3126 768 3219 νοήματος
791 3124 995 3213 Εύσεβίου,
1027 3124 1076 3211 ιύς
1105 3125 1210 3210 αὐτὸς
1241 3135 1421 3219 γέγραφεν,
1453 3137 1494 3202 ἐν

243 3239 488 3323 βραχυλογίᾳ
501 3237 688 3319 κείμενον
703 3224 928 3315 ἀνεξέταστον
940 3238 1151 3311 καταλιπεῖν,
1167 3223 1188 3316 ἢ
1204 3228 1347 3318 τοιαύτη
1363 3239 1493 3321 θεωρίᾳ

243 3326 455 3420 χρησάμενον
477 3327 518 3399 τὸ
539 3335 736 3419 πανοῦργον
758 3336 821 3401 τοῦ
843 3325 1037 3417 γράμματος
1058 3330 1104 3410 είς
1126 3334 1201 3415 φῶς
1222 3324 1367 3417 ἀγαγεῖν.

181 3436 237 3500 καί
259 3425 337 3513 μεθ
360 3429 458 3519 έτερα
479 3433 625 3518 ἐπιλέγει
1509 3463 1544 3520 12

135 3544 166 3600 ³0
244 3533 315 3615 (Nr
333 3536 364 3616 3)
386 3534 522 3601 νυνὶδέ
547 3526 757 3618 ἐξετάσωμεν
788 3528 825 3600 ἐν
851 3558 885 3600 τι
910 3527 1018 3617 ῥητὸν
1038 3555 1113 3598 των
1134 3522 1202 3597 ύπὸ
1222 3521 1392 3616 Ἀστερίου
1415 3557 1492 3618 γρα-

246 3635 403 3717 φέντων
435 3632 499 3718 εφη
526 3656 588 3717 γαρ
615 3656 733 3712 ουτος
772 3627 895 3710 αλλος
921 3656 990 3716 μεν
1017 3654 1088 3716 γαρ
1115 3621 1491 3716 ἐστινοπατηρ
1472 3660 1491 3701 ο

273 3870 287 3925 ί
316 3865 473 3939 τρίΝυόθ
490 3895 524 3905 -
543 3866 604 3922 12t
626 3865 740 3937 vgl.Nr.
753 3869 787 3923 68
804 3883 829 3920 ιι.
842 3865 873 3922 E.
892 3896 923 3904 -
944 3865 1019 3920 1311
1041 3864 1097 3934 vgl.
1115 3864 1272 3920 Theodoret
1284 3866 1312 3920 h.
1330 3882 1353 3924 ε.
1373 3864 1492 3933 1‚5(0‹1.

185 3968 327 4026 θείιίοτδτ
345 3967 424 4023 Brief
442 3968 468 4023 <L
485 3968 620 4024 Eusebius
641 3985 666 4022 v.
687 3966 868 4024 Nicomedien
889 3984 927 4021 an
949 3965 1081 4020 Paulinus
1097 3984 1123 4019 v.
1140 3965 1250 4035 Tyms):
1282 3960 1346 4023 ούτε
1364 3967 1421 4038 γὰρ
1443 3965 1492 4021 θέο

185 4069 325 4142 ἀγένητα
338 4067 511 4139 ἀκηκόαμεν,
530 4064 595 4126 ούτε
612 4064 697 4135 ένῖίς
707 4068 757 4126 δύο
769 4069 947 4142 διῃρημένον,
967 4066 1032 4125 om
1050 4067 1249 4135 σωματικόν
1265 4086 1297 4124 τι
1315 4068 1494 4135 πεδονθὸς

184 4174 394 4242 μεμαθήκαμεν
412 4210 496 4227 .....
514 4167 595 4228 οέδέν
617 4170 674 4244 γάρ
700 4168 776 4229 ἐστιν
802 4168 835 4228 ἐκ
860 4177 909 4240 τῆς
927 4168 1026 4236 οὐσίας
1048 4167 1148 4236 αὐτοῦ,
1173 4166 1285 4225 πάντα
1311 4168 1346 4226 δέ
1370 4172 1492 4241 βουλή·

184 4294 266 4343 ματι
293 4271 399 4330 αδτοῦ
424 4264 599 4343 γενόμενα
620 4267 744 4330 ἕκαστον
762 4269 802 4341 ὥς
819 4275 869 4330 καί
885 4270 999 4343 ἐγένετο
1017 4268 1092 4327 ἐστιν
1115 4299 1147 4312 -
1171 4271 1235 4327 alt
1253 4271 1310 4341 vgl.
1328 4270 1424 4328 Nr.85

270 4460 285 4515 7
306 4456 411 4528 ταύτην
428 4457 465 4512 K}
474 4456 530 4527 τρὶ.
540 4458 565 4512 S.
573 4458 612 4524 18,
623 4459 657 4513 35
676 4460 681 4525 Ι
701 4458 738 4514 ll
759 4455 846 4524 αὐτὸς
863 4478 891 4513 m
909 4454 1005 4522 αὐτοῖς
1022 4457 1047 4509 V
1062 4457 1067 4524 Ι
1083 4452 1307 4524 συνεσταλμένος
1324 4474 1351 4509 m
1369 4456 1491 4525 (ωςωῖ)

188 4572 191 4627 1
213 4561 251 4617 18
270 4558 492 4631 οἰτιαγγελίαςθι
507 4563 511 4627 Ι
528 4559 566 4615 15
583 4557 714 4630 γέννησιν
725 4558 765 4615 Re
790 4560 796 4629 1
821 4559 861 4616 24
879 4566 1017 4631 γεννητοῦ
1028 4560 1068 4613 Re
1094 4560 1099 4626 1
1126 4557 1165 4612 25
1184 4551 1492 4631 ἐαιτοῦᾝεέαντῷίῖ

219 4662 258 4718 20
274 4658 368 4734 βάθος
384 4660 424 4716 Re
446 4654 569 4726 oxo‘toc‘?
587 4660 641 4717 We
658 4657 754 4726 πάθος
771 4661 794 4714 V
1262 4743 1297 4798 2*
