3698 5510
348 490 407 550 146
935 485 1069 541 Eusebius

351 641 439 738 »ὁδῶ
465 655 618 736 βασιλικῇ
643 645 808 737 πορεύσηι
837 653 891 722 78’
912 655 968 718 καὶ
1001 646 1093 719 νίδσῦ
1124 652 1261 718 τέθεικα
1291 645 1359 735 πρὸ
1386 646 1574 733 προσώπου
1595 670 1659 717 σου

347 746 413 835 τὴν
434 741 518 819 ὁδὸν
539 753 600 835 τῆς
622 753 711 836 ζωῆς
732 753 787 817 καὶ
810 746 874 836 τὴν
896 742 979 819 ὁδὸν
1001 753 1064 819 τοῦ
1085 743 1270 831 θανάτουι,
1292 752 1348 817 καί
1370 740 1389 817 δ
1413 753 1516 818 Δαυίδ
1528 741 1657 836 ὁμοίως
1675 757 1693 811 2

350 844 526 934 »γινώσκει
555 845 670 936 κύριος
701 841 784 918 ὁδὸν
814 854 970 930 δικαίων,
1001 853 1057 916 καί
1086 841 1165 928 ὁδὸς
1193 842 1326 931 άσεβῶν
1356 841 1567 931 άπολεῑταιι,
1599 855 1656 917 καὶ

346 938 499 1034 Ἱερεμίας
523 952 644 1035 »στῆτε
665 951 702 1017 ἐν
724 964 799 1028 ταῖς
815 940 907 1028 ὁδοῖς
921 953 978 1016 καί
993 943 1188 1035 ἐρωτήσατε
1202 955 1338 1037 τρίβους
1352 953 1471 1033 κυρίου
1485 951 1658 1029 αἰωνίους,

314 1051 403 1116 ῦκαὶ
424 1049 510 1117 ἴδετε
533 1053 617 1117 ποία
638 1049 730 1117 ἐστίν
752 1042 773 1135 ἡ
795 1039 874 1128 ὁδὸς
897 1041 918 1134 ἡ
941 1041 1067 1136 άγαθὴ,
1095 1051 1150 1117 καὶ
1176 1044 1365 1135 πορεύεσθε
1385 1048 1424 1117 ἐν
1444 1040 1564 1134 αῦτῇι·
1601 1055 1658 1117 καὶ

348 1146 492 1217 ἕκαστον
514 1150 550 1216 δε
572 1152 645 1216 τῶν
666 1152 860 1236 προφητῶν
881 1141 1056 1233 διαφόρως
1081 1142 1360 1235 μνημονεύσαντα
1381 1153 1456 1217 τῶν
1478 1139 1570 1216 δδῶν
1592 1152 1658 1218 τοῦ

346 1251 433 1317 θεοῦ
455 1240 611 1335 εῦρήσεις.
654 1250 682 1315 εί
704 1253 823 1316 τοίνυν
844 1239 864 1316 ά
887 1243 1002 1334 σωτὴρ
1029 1253 1084 1315 καὶ
1106 1243 1221 1333 κύριος
1247 1241 1343 1335 ἡμῶν
1363 1242 1486 1333 Ἰησοῦς
1510 1243 1692 1333 Χριστῦς3

349 1350 423 1432 [τοῦ
444 1351 539 1431 θεοῦ]
563 1341 669 1434 άρχὴν
691 1345 776 1414 είναι
798 1352 871 1415 τῶν
893 1340 988 1415 ὁδῶν
1018 1351 1081 1416 τοῦ
1111 1350 1196 1415 θεοῦ
1226 1343 1348 1415 ἑαυτὸν
1374 1340 1520 1414 διδάσκει
1547 1350 1658 1434 λέγων

350 1443 483 1533 »κύριος
505 1446 635 1516 ἐκτισέν
656 1473 696 1533 με
718 1440 825 1533 άρχίχν
847 1439 940 1515 ὁδῶν
962 1441 1069 1517 αῦτοῦ
1090 1446 1135 1528 είς
1158 1448 1237 1532 ἔργα
1259 1439 1382 1515 αὐτοῦ(
1412 1440 1566 1531 (πάντως
1587 1474 1659 1517 που

298 1554 330 1606 10
347 1553 403 1616 καί
434 1550 587 1626 Μωσέως
617 1552 673 1614 καί
703 1550 777 1614 τῶν
805 1550 1000 1632 προφητῶν
1029 1550 1083 1614 καὶ
1110 1550 1184 1614 τῶν
1214 1546 1263 1613 ἔτι
1293 1538 1458 1633 ἀνωτέρω
1484 1544 1573 1616 κατά
1595 1543 1658 1628 τάς

347 1639 447 1728 ὁδοῦς
470 1650 533 1715 τοῦ
553 1649 638 1714 θεοῦ
658 1641 874 1729 βεβιωκότων
896 1634 948 1712 ῶν
968 1641 1217 1732 πρεσβύτερος),
1249 1637 1323 1714 ἄλλ’
1347 1639 1419 1731 οῦχί
1450 1640 1471 1733 ἡ
1501 1643 1583 1733 σὰρξ
1614 1643 1658 1735 ἢν

347 1738 530 1833 ἀνείληφεν
552 1745 692 1813 ἐκείνων
714 1737 882 1815 ἁπάντων
907 1740 1055 1833 ὑπῆρχεν
1080 1749 1341 1830 προγενεστέρα,
1373 1739 1435 1814 οῦκ
1461 1739 1579 1830 ὀρθῶς
1601 1749 1657 1816 ἐπὶ

347 1843 412 1933 τὴν
434 1840 539 1932 σάρκα
565 1847 758 1931 ἐξείληπται
786 1840 826 1914 τὸ
853 1838 979 1930 λόγιον.
1023 1838 1063 1913 ού
1094 1842 1149 1913 διά
1179 1839 1244 1930 τὴν
1274 1838 1381 1929 σάρκα
1410 1850 1529 1916 τοίνυν
1560 1841 1694 1914 ταῦτ’4

348 1947 461 2031 ἔλεγεν
483 1937 502 2013 ά
525 1939 651 2029 σωτήρ,
673 1940 728 2012 διά
752 1947 786 2011 δέ
801 1939 843 2011 τὸ
858 1938 1088 2030 προϋπάρχειν
1103 1937 1211 2012 αύτῦν
1224 1949 1281 2013 καὶ
1294 1952 1519 2032 καθηγεῖσθαι
1534 1950 1658 2015 πασῶν

297 2048 329 2102 15
347 2049 421 2113 τῶν
443 2036 536 2113 ὁδῶν
559 2046 621 2111 τοῦ
643 2047 736 2124 θεοῦ,
759 2037 799 2122 ἃς
819 2037 948 2123 πάντες
971 2044 1003 2111 σί
1017 2037 1123 2111 πάλαι
1138 2050 1311 2127 θεοφιλεῖς
1326 2041 1445 2130 άνδρες
1461 2040 1657 2114 ῶδεῦκασιν.

348 2144 418 2212 ἐπεὶ
441 2145 477 2210 δέ
499 2135 518 2211 ὁ
541 2149 634 2222 θεῖος
656 2135 849 2224 άπύστολος
872 2149 984 2227 λέγων
1008 2131 1055 2210 »ῶ
1077 2137 1185 2226 βάθος
1206 2139 1360 2236 πλούτου
1379 2148 1436 2213 καὶ
1458 2149 1580 2228 σοφίας
1599 2149 1656 2212 καὶ
1676 2154 1694 2206 5

347 2239 506 2330 γνῶσεως
526 2245 623 2310 θεοῦ·
646 2236 694 2322 ῶς
715 2236 958 2328 άνεξερεύνητα
980 2238 1024 2311 τά
1039 2247 1183 2330 κρίματα
1199 2236 1314 2324 αῦτοῦ,
1335 2246 1390 2310 καὶ
1409 2237 1657 2331 ἀνεξιχνίαστοι

348 2344 382 2411 αί
404 2334 478 2413 ὁδοὶ
501 2335 623 2410 αύτσῦι
649 2340 765 2427 ἐτέρας
787 2339 883 2422 τινὰς
905 2334 1005 2421 ὅδοῦς
1025 2335 1222 2424 ῦποβάλλει,
1248 2337 1309 2420 τάς
1330 2340 1561 2430 προνοητικάς
1583 2349 1658 2413 τῶν

348 2434 456 2523 ὅλων,
488 2435 529 2508 δι’
553 2429 605 2508 ῶν
626 2434 813 2529 άπορρῆτῳ
843 2446 948 2527 κρίσει
978 2445 1033 2509 καὶ
1064 2434 1179 2528 λόγοις
1209 2435 1377 2528 άλὴπτοις
1406 2440 1451 2512 τά
1479 2440 1659 2531 σύμπαντα

297 2548 331 2603 20
348 2542 546 2629 διακυβερνᾷ
573 2545 650 2629 θείᾳ
672 2535 823 2628 δυνάμει,
855 2534 1052 2611 άκόλουθόν
1083 2542 1175 2610 ἐστιν
1204 2546 1260 2608 καὶ
1293 2537 1428 2610 τούτων
1461 2548 1534 2611 τῶν
1564 2536 1661 2612 ὁδῶν

348 2636 454 2728 ἀρχὴν
490 2638 575 2709 εἶναι
606 2644 714 2725 λέγειν
745 2635 808 2709 τὸν
844 2635 1002 2726 εἰρηκότα
1036 2636 1167 2727 »κύριος
1196 2639 1327 2709 ἔκτισέν
1356 2666 1396 2728 με
1426 2635 1533 2729 άρχὴν
1563 2635 1660 2712 ὁδῶν

347 2735 453 2810 αῦτσῦ
485 2741 531 2821 είς
562 2741 641 2826 ἔργα
672 2733 806 2809 αῦτοῦτ.
850 2732 870 2808 ὁ
902 2743 936 2807 δέ
966 2736 1010 2826 μὴ
1038 2734 1161 2827 νοήσας
1184 2736 1246 2818 τάς
1267 2731 1368 2821 άδοῦς
1390 2745 1453 2809 τοῦ
1475 2745 1569 2821 θεοῦ,
1593 2739 1660 2827 τὴν

349 2834 455 2926 σάρκα
480 2843 543 2909 τοῦ
565 2841 720 2925 σωτῆρος
746 2833 844 2927 ἡμῶν
876 2847 882 2920 Ι
915 2831 1020 2926 άρχὴν
1042 2834 1179 2908 τούτων
1201 2837 1285 2908 είναι
1307 2832 1517 2926 άπεφήνατο.
1561 2839 1792 2928 {Qun-6115?

349 2934 436 3009 νεύει
459 2941 494 3007 δέ
515 2942 571 3006 καί
594 2933 635 3006 τὸ
661 2939 725 3019 »είς
747 2938 826 3025 ἔργα
848 2933 972 3008 αὐτοῦ(
998 2933 1139 3023 φάσκων

297 3046 330 3100 25
411 3041 480 3123 (Nr.
504 3042 555 3123 13)
589 3037 737 3106 »ἔκτισεν
767 3028 830 3107 οῦν
858 3063 917 3119 μετ
952 3042 1056 3123 φησίν
1089 3030 1212 3124 »ἀρχὴν
1242 3029 1335 3107 ὁδῶν
1366 3032 1473 3108 αῦτοῦ
1503 3043 1549 3120 είς
1579 3038 1660 3126 ἔργα

410 3133 546 3208 αῦτοῦι.
588 3152 671 3206 ποῖα
693 3141 729 3205 δὲ
751 3137 830 3224 ἔργα
852 3142 971 3223 φησίν;
999 3140 1073 3223 περὶ
1108 3125 1159 3204 ῶν
1184 3129 1204 3204 ά
1231 3135 1347 3225 σωτὴρ
1366 3142 1454 3223 λέγει
1484 3131 1522 3207 »ὁ
1542 3136 1660 3226 πατήρ

409 3263 475 3325 μου
497 3237 561 3316 ἕως
582 3232 660 3322 άρτι
687 3231 873 3322 ἐργάζεται,
895 3230 990 3322 κάγῶ
1017 3229 1228 3322 ἐργάζομαιι,
1250 3240 1306 3305 καὶ
1329 3227 1430 3319 αὖθις
1454 3234 1514 3306 »τὸ
1537 3239 1656 3324 ἔργον(

411 3342 515 3425 φησὶν
539 3336 737 3405 »ἐτελείωσα
759 3327 778 3402 ά
800 3331 947 3416 δέδωκάς
968 3361 1055 3421 μοιι.

347 3429 412 3505 εἶθ’
434 3431 548 3521 ῶσπερ
571 3439 748 3519 διασαφῶν
770 3431 833 3522 τὴν
856 3439 929 3502 τῶν
952 3437 1136 3521 εἰρημένων
1158 3429 1313 3506 διάνοιαν
1334 3440 1478 3525 ἐπιλέγει
1675 3445 1691 3496 7

296 3538 331 3593 30
410 3539 478 3619 (Nr.
503 3540 552 3620 13)
575 3540 626 3615 τίς
648 3532 711 3621 γάρ
732 3529 801 3621 πρὸ
823 3535 884 3620 τῆς
907 3538 980 3601 τῶν
1002 3527 1214 3619 πραγμάτων
1235 3528 1440 3620 ἀποδείξεως
1461 3536 1660 3605 ἐπίστευσεν

411 3630 454 3703 ἂν
476 3626 530 3704 ὅτι
553 3629 653 3719 λόγος
675 3636 759 3703 θεοῦ
785 3629 838 3702 διὰ
869 3635 1048 3719 παρθένου
1078 3639 1210 3719 τεχθεὶς
1241 3631 1305 3722 τὴν
1335 3629 1501 3722 ἡμετέραν
1530 3628 1658 3723 άναλὴ-

409 3752 511 3820 φεται
533 3727 639 3820 σάρκα
661 3738 716 3801 καί
747 3729 813 3819 τὴν
843 3736 955 3800 πάσαν
985 3728 1138 3818 θεότητα
1168 3734 1206 3800 ἐν
1236 3727 1322 3822 αὐτῇ
1352 3740 1558 3822 σωματικῶς
1588 3736 1660 3805 ἐπι·

409 3837 566 3917 δείξειας

347 3936 403 4000 καὶ
427 3926 540 4017 ῶσπερ
563 3933 682 4020 ἐντελῆ
704 3929 769 4018 τὴν
791 3924 946 4001 διάνοιαν
967 3921 1117 4011 άποδοῦς
1139 3926 1255 4018 ἐπάγει

435 4101 450 4154 1
475 4099 555 4153 Νοω.
574 4100 614 4164 20,
634 4101 679 4162 12;
696 4100 737 4165 21,
755 4100 789 4153 22
807 4127 839 4136 -
858 4096 938 4153 Dent
956 4099 1040 4162 30,15
1058 4098 1123 4167 (Jer.
1133 4102 1174 4164 21,
1183 4101 1210 4167 8)
1229 4129 1262 4138 -
1280 4099 1298 4156 3
1317 4099 1419 4163 Ρε.1,6
1437 4129 1470 4140 -
1488 4101 1509 4158 4
1527 4102 1581 4157 Jer.
1591 4103 1616 4166 6,
1626 4106 1660 4158 16

348 4229 382 4240 -
400 4199 419 4255 θ
437 4199 518 4255 Prov.
535 4201 559 4267 8,
578 4201 611 4254 22
629 4229 662 4238 -
681 4201 719 4255 13
735 4199 813 4253 Rom.
832 4203 872 4267 11,
891 4202 975 4256 33-
994 4201 1032 4255 21
1053 4199 1131 4256 Ρεοτ.
1149 4203 1174 4262 8,
1192 4201 1276 4256 22-
1298 4200 1359 4256 241
1373 4200 1453 4257 Prov.
1471 4204 1497 4269 8,
1514 4203 1549 4258 22
1566 4233 1599 4243 -
1619 4203 1658 4259 26

349 4300 411 4355 Joh.
429 4304 454 4368 5,
473 4304 505 4355 12
523 4329 556 4339 -
574 4301 610 4357 21
630 4302 692 4356 Joh.
711 4303 752 4367 17,
770 4304 787 4355 4
805 4330 838 4340 -
856 4301 895 4355 32
915 4299 975 4355 Kol.
994 4301 1018 4368 2,
1037 4301 1054 4355 9

435 4449 673 4521 Ιπορενσόμεθα
692 4449 765 4503 LXX
798 4451 802 4515 Ι
833 4447 943 4519 τέθηκα
961 4448 1015 4510 V*,
1043 4466 1110 4505 corr.
1129 4450 1168 4503 V²
1198 4452 1203 4518 Ι
1236 4452 1255 4507 4
1281 4451 1342 4522 καί]
1361 4461 1393 4517 -1-
1416 4449 1488 4512 ίδετε
1508 4455 1559 4510 καί
1584 4454 1658 4509 Lxx

351 4550 354 4617 Ι
386 4549 405 4605 8
432 4556 483 4605 τοῦ
509 4552 579 4605 θεοῦ
600 4554 647 4604 str.
666 4550 702 4603 Kl
734 4550 738 4618 l
770 4553 836 4605 τοῦ2
861 4553 907 4605 etr.
926 4551 964 4604 V²
987 4552 991 4619 Ι
1015 4545 1187 4620 ἐαυτοῦθΙ
1221 4553 1257 4608 11
1282 4547 1325 4609 ὢν
1351 4550 1540 4624 mm*
1559 4551 1603 4625 εἴη
1622 4551 1657 4611 ἂν

350 4650 388 4703 V²
419 4652 424 4717 Ι
458 4650 495 4705 12
514 4648 618 4724 ὀρθῶς]
638 4657 670 4714 -Ι-
689 4640 740 4704 οὖν
758 4650 803 4704 tib.
822 4651 848 4705 d.
866 4651 893 4706 Ζ.
913 4650 951 4704 V²
