3674 5506
320 501 378 566 150
909 493 1042 549 Eusebius

318 669 376 732 καλ
398 660 478 742 τοὺς
499 665 561 749 μέν
582 654 801 741 ἀποστόλους
822 658 883 741 τάς
905 656 1016 747 πηγάς
1038 658 1124 729 εἶναι
1144 655 1318 743 βούλεται,
1340 652 1403 727 ούκ
1430 649 1629 744 ἀρέσκουσιν

318 766 354 831 δέ
376 755 471 849 αύτῷ
494 762 527 830 σί
552 763 742 848 προφῆται·
779 763 882 844 διατί,
914 754 989 831 ἀλλ>
1012 753 1066 847 (ἢ)
1097 751 1152 829 ότι
1182 755 1225 846 μῆ
1257 754 1399 827 ἐδύνατο
1431 755 1495 845 τῆν
1521 752 1629 844 σάρκα
1647 770 1684 824 25

319 864 382 931 τοῦ
404 863 560 947 σωτῆρος
581 857 649 947 πρὸ
671 863 814 929 ἐκείνων
837 856 983 942 διδύναι;
1012 865 1126 929 καίτοι
1151 863 1207 927 καὶ
1228 853 1295 942 πρὸ
1318 861 1393 926 τῶν
1413 854 1502 926 κατὰ
1525 855 1629 942 φύσιν

320 964 500 1049 αἰσθητῶν
529 965 666 1047 πηγῶν,
699 950 750 1029 ῶν
779 965 835 1028 καὶ
858 965 985 1041 Μωσῆς
1011 954 1256 1046 ἐμνημόνευσεν
1286 957 1324 1024 ἐν
1352 961 1396 1043 τῆ
1426 964 1631 1048 κοσμοποιίᾳ

283 1059 426 1129 δείπῶν
456 1056 566 1146 »πηγῆ
588 1062 624 1128 δέ
646 1053 822 1141 ἀνέβαινεν
847 1060 884 1127 ἐκ
906 1063 967 1146 τῆς
989 1062 1062 1146 γῆς,
1084 1063 1141 1127 καλ
1162 1051 1317 1141 ἐπότιζεν
1337 1059 1409 1126 πᾶν
1431 1053 1472 1126 τὸ
1493 1051 1631 1144 πρόσω·

318 1184 386 1229 πον
411 1163 474 1246 τῆς
496 1164 573 1246 γῆς(
602 1164 659 1227 καί
684 1149 785 1240 αὖθις
809 1154 981 1246 »ποταμὸς
1007 1163 1043 1228 δέ
1064 1152 1283 1243 ἐκπορεύεται
1304 1158 1340 1240 ἐξ
1359 1149 1452 1243 Ἐδέμ
1474 1163 1632 1242 ποτίζειν

318 1255 382 1327 τὸν
403 1252 645 1344 παράδεισονι,
676 1261 894 1346 προϋπῆρχεν
924 1251 959 1343 ὁ6
975 1264 1038 1328 τοῦ
1067 1262 1153 1327 θεοῦ
1177 1254 1250 1336 υίὸς
1277 1248 1296 1325 ὁ
1319 1259 1429 1326 ταῦτα
1450 1259 1487 1326 ἐν
1506 1261 1631 1343 Παροι-

317 1364 408 1444 μίαις
437 1362 514 1444 περὶ
545 1356 668 1426 ἑαυτοῦ
697 1362 756 1429 80¹
790 1354 967 1428 διδάσκων.
1018 1352 1037 1429 ὁ
1069 1361 1104 1427 δὲ
1135 1361 1186 1445 τῷ
1216 1350 1289 1442 Ἰῶβ
1321 1360 1540 1442 χρηματίζων
1575 1361 1631 1425 καὶ

318 1462 440 1545 πηγῶν
462 1452 637 1545 θαλάσσης
658 1455 861 1544 μνημονεύει
886 1462 997 1545 λέγων
1027 1447 1149 1545 »ῆλθες
1171 1459 1206 1525 δὲ
1228 1458 1282 1526 ἐπὶ
1304 1452 1418 1543 πηγῆν
1445 1451 1630 1543 θαλάσσης,

266 1568 300 1623 10
318 1560 356 1626 ἐν
386 1559 422 1627 δὲ
452 1560 577 1643 ἴχνεσιν
610 1551 755 1642 ἀβύσσου
789 1552 1072 1644 περιεπάτησαςι,·
1107 1559 1179 1625 ἐπεὶ
1214 1559 1251 1624 δὲ
1280 1560 1335 1623 καὶ
1366 1548 1525 1641 ύπεράνω
1557 1560 1632 1625 τῶν
1650 1574 1685 1629 26

319 1651 477 1741 ούρανῶν
506 1647 615 1727 ύδατά
646 1684 723 1726 τινα
755 1654 840 1727 εἶναι
873 1651 893 1744 ῆ
924 1655 1036 1743 γραφῆ
1072 1650 1218 1726 διδάσκει
1253 1648 1274 1742 ῆ
1306 1657 1449 1740 λέγουσα
1488 1659 1630 1725 »αἰνεῖτε

318 1750 427 1825 αύτόν
458 1757 490 1824 οί
522 1749 660 1842 ούρανοὶ
691 1761 764 1825 τῶν
795 1750 967 1842 ούρανῶν,
998 1761 1054 1826 καὶ
1085 1751 1128 1824 τά
1158 1744 1267 1823 ύδατα
1297 1750 1340 1822 τὰ
1369 1748 1530 1837 ύπεράνω
1558 1761 1632 1825 τῶν

317 1849 506 1941 ούρανῶνι,
517 1848 715 1925 ἀκόλουθόν
724 1858 817 1926 ἐστιν
826 1850 995 1925 κάκείνων
1003 1859 1078 1925 τῶν
1091 1848 1230 1923 ύδάτων
1239 1847 1355 1939 (ὁποῖα
1366 1858 1397 1938 [δ
1408 1838 1428 1940 ’ί
1443 1849 1486 1925 ἀν
1500 1849 1632 1943 ύπάρχη

318 1951 383 2043 τὴν
405 1951 518 2039 φύσιν)
541 1957 661 2041 νοῆσαί
682 1981 778 2035 τινας
805 1954 893 2025 εἶναι
922 1949 1045 2043 πηγάς,
1077 1945 1173 2035 ὅπως
1207 1950 1377 2025 κάκείνων
1406 1951 1634 2042 πρεσβύτερος

267 2065 299 2118 15
319 2047 508 2140 ἀποδειχθῇ
535 2047 553 2121 ό
584 2052 727 2141 εἰρηκῶς
757 2050 881 2123 ἑαυτὸν
907 2048 1139 2140 προϋπάρχειν
1168 2051 1253 2140 »πρὸ
1276 2059 1340 2124 τοῦ
1361 2063 1548 2140 προελθεῖν
1569 2051 1632 2136 τὰς

318 2149 429 2239 πηγάς
451 2156 525 2220 τῶν
546 2147 713 2223 ύδάτωνι.
757 2147 775 2222 ό
804 2157 840 2222 δέ
861 2158 976 2241 μηδενί
1000 2150 1136 2223 τούτων
1158 2149 1341 2241 ἐπιστήσας
1363 2149 1427 2224 τὸν
1449 2156 1532 2223 νοῦν
1546 2157 1630 2241 μηδὲ
1648 2172 1683 2226 27

316 2267 438 2321 πονεῖν
460 2255 602 2333 ἐθέλων,
625 2269 697 2333 τοῖς
720 2247 835 2335 αύτοῖς
856 2255 1013 2340 ἐπιμένει,
1036 2255 1109 2322 ἐπεὶ
1130 2257 1183 2321 καλ
1207 2257 1315 2321 ταῦτα
1337 2248 1480 2338 φάσκων

380 2353 449 2433 (Nr.
471 2354 524 2437 22)
558 2347 643 2437 »πρὸ
670 2355 734 2422 τοῦ
755 2344 818 2439 ὄρη
841 2352 1063 2439 ἑδρασθῆναι(
1093 2358 1196 2440 φησίν
1220 2349 1305 2438 »πρὸ
1327 2356 1363 2422 δὲ
1384 2347 1532 2423 πάντων
1553 2361 1630 2437 βου

264 2456 268 2463 “
381 2455 454 2520 νῶν
476 2453 578 2541 γεννᾷ
599 2478 668 2537 μει.
711 2443 775 2540 άρη
797 2457 853 2521 καὶ
874 2451 1021 2534 βουνούς
1043 2450 1123 2533 τούς
1137 2446 1353 2532 ἀποστόλους
1373 2457 1429 2521 καὶ
1452 2450 1533 2533 τούς
1555 2456 1631 2521 τῶν

265 2558 300 2614 20
380 2543 586 2619 ἀποστόλων
612 2548 787 2639 διαδόχους
818 2555 920 2638 λέγει,
951 2550 1007 2621 ίνα
1036 2548 1129 2639 παρά
1160 2549 1240 2632 τούς
1271 2548 1396 2632 ἄλλους
1418 2545 1630 2638 ἀνθρώπους

378 2646 443 2736 τὴν
465 2643 540 2718 κατ’
563 2644 681 2719 αύτῶν
704 2655 838 2720 δικαίαν
857 2657 1035 2721 πολιτείαν
1057 2655 1297 2736 παροιμιωδῶς
1318 2645 1460 2738 σημῆνη.

318 2742 445 2817 σύκοῦν
467 2750 499 2816 σί
526 2740 624 2819 αύτσὶ
647 2739 732 2836 ῆσαν
753 2753 809 2818 καὶ
831 2752 865 2819 αί
886 2757 1005 2837 πηγαί,
1028 2753 1094 2838 <οί>
1115 2745 1215 2821 αύτοὶ
1235 2755 1291 2821 καὶ
1314 2747 1357 2819 τὰ
1380 2741 1451 2839 ὄρη,
1474 2752 1507 2820 οί
1529 2744 1627 2819 αύτοὶ
1648 2766 1683 2821 28

316 2847 426 2917 καλοί
452 2853 578 2931 βουνοί.
622 2842 696 2919 ἀλλ’
720 2844 835 2935 ῶσπερ
866 2845 927 2919 ούκ
958 2852 1022 2937 ἔχει
1053 2848 1155 2935 φύσιν
1184 2851 1240 2919 ἐπὶ
1270 2855 1344 2919 τῶν
1375 2853 1629 2937 θεωρουμένων

317 2952 439 3033 πηγῶν
462 2956 575 3017 τεκαὶ
597 2941 691 3035 ἀρῶν
718 2947 761 3019 τά
784 2944 871 3018 αύτά
892 2944 1035 3035 φάσκειν
1056 2950 1142 3019 εἶναι
1167 2944 1279 3035 (ούδὲν
1301 2948 1364 3037 γὰρ
1386 2945 1507 3019 κοινὸν
1526 2945 1575 3030 ῶς
1590 2952 1629 3019 ἐν

264 3059 298 3113 25
316 3039 505 3133 ποιότητος
532 3043 624 3134 λόγῳ
645 3065 768 3135 πηγαῖς
794 3043 933 3119 ύδάτων
963 3047 1050 3137 πρὸς
1080 3047 1124 3119 τὰ
1154 3054 1228 3119 τῶν
1258 3042 1353 3135 ἀρῶν
1383 3043 1628 3137 ἀναστήματα),

317 3141 381 3217 τὸν
403 3140 511 3216 αύτὸν
532 3141 666 3232 τρόπον
687 3154 744 3217 καὶ
765 3152 820 3218 ἐπὶ
842 3155 916 3219 τῶν
936 3142 1170 3236 ἀλληγορικῶς
1191 3145 1279 3218 κατὰ
1301 3143 1456 3218 διάνοιαν
1475 3157 1629 3235 θεωρου

315 3250 431 3332 μένων
452 3251 664 3334 παραστῆσαι
684 3245 748 3335 χρῆ
771 3245 941 3334 διαφοράν
962 3253 1037 3316 τῶν
1057 3244 1145 3317 κατά
1167 3244 1232 3334 τῆν
1253 3251 1405 3334 θεωρίαν
1427 3252 1629 3334 νοουμένων

316 3349 440 3431 πηγῶν
462 3350 576 3414 τεκαὶ
599 3339 693 3431 ἀρῶν
715 3353 769 3416 καί
792 3352 936 3428 βουνῶν.
979 3341 1053 3416 ἀλλ’
1085 3339 1104 3416 ὁ
1130 3350 1235 3434 μηδὲν
1255 3351 1537 3434 βεβασανισμένον
1558 3349 1628 3417 ἐπι·

317 3439 494 3530 στάμενος,
517 3442 561 3513 τά
583 3440 698 3515 πάντα
721 3442 843 3532 φύρων
864 3441 906 3514 δι’
929 3441 1109 3534 εὐχέρειαν,
1137 3444 1218 3527 τούς
1244 3441 1368 3528 αύτούς
1390 3444 1477 3517 εἶναι
1498 3440 1627 3517 ἀποπέ·

266 3556 300 3610 30
318 3569 446 3627 φανται
467 3549 523 3614 καὶ
548 3542 658 3633 πηγάς
687 3540 826 3617 ύδάτων
855 3553 911 3616 καὶ
942 3538 1004 3634 όρη
1033 3550 1090 3615 καὶ
1120 3541 1278 3630 βουνούς,
1309 3552 1412 3633 φησίν
1443 3572 1480 3615 τε
1511 3539 1628 3614 πάντα

318 3647 427 3714 ταῦτα
449 3643 535 3712 είναι
557 3644 637 3726 τούς
659 3640 888 3727 ἀποστόλους,
922 3639 963 3715 ού
993 3640 1265 3732 διαστειλάμενος
1291 3642 1355 3715 τὸν
1378 3649 1439 3733 τῆς
1461 3649 1628 3732 διαφορᾶς

317 3737 459 3829 τρόπον.
484 3749 537 3812 ,τί
568 3734 630 3813 σύν
660 3739 734 3832 ούχὶ
763 3752 819 3815 καὶ
848 3741 916 3831 πρὸ
947 3749 1008 3831 τῆς
1039 3742 1161 3831 σαρκὸς
1191 3749 1254 3815 τοῦ
1284 3748 1439 3832 σωτῆρος
1466 3738 1564 3832 ῆμῶν
1588 3747 1627 3815 ἐν
1645 3761 1679 3816 29

318 3839 510 3926 δικαιοσύνη
531 3848 586 3910 καὶ
608 3850 780 3934 θεοσεβείᾳ
802 3849 1050 3924 τελειωθέντας
1077 3835 1138 3932 ὄρη
1165 3849 1220 3912 καὶ
1240 3842 1385 3928 βουνούς
1406 3837 1532 3931 ὁμοίως
1553 3847 1626 3912 ἐπε·

316 3937 421 4021 κάλει,
445 3935 508 4011 άλλ
531 3934 585 4027 <ῆ>
609 3932 663 4010 ότι
684 3940 729 4030 μῆ
751 3942 818 4029 πρὸ
840 3946 980 4014 ἐκείνων
1002 3938 1074 4023 οίύς
1095 3971 1132 4013 τε
1155 3933 1198 4031 ῆν
1220 3941 1285 4032 τῆν
1305 3938 1412 4028 σάρκα
1433 3947 1496 4014 τοῦ
1517 3948 1627 4032 σωτῆ-

402 4158 585 4221 50en.2.6
613 4190 642 4202 -
670 4161 689 4217 θ
719 4161 939 4226 Gen.2,10-
965 4165 984 4219 θ
1012 4163 1254 4226 Hi0b38‚1ss—
1281 4162 1317 4218 11
1347 4161 1502 4227 Ρε.148,4
1528 4191 1562 4201 -
1590 4162 1627 4217 15

316 4260 396 4315 Prov,
413 4264 438 4325 8,
457 4262 490 4314 24
507 4290 541 4299 -
560 4261 598 4318 18
617 4261 695 4315 Prov.
713 4262 738 4329 8,
756 4265 789 4319 25

403 4458 528 4529 MWe
560 4463 564 4529 Ι
598 4463 636 4518 18
654 4456 679 4516 δ’
696 4458 732 4519 ἂν
750 4459 869 4534 ὑπάρχει
887 4464 927 4516 V*
945 4459 981 4519 ἀν
999 4459 1123 4535 ίπάρχοι
1144 4464 1180 4517 V²
1202 4466 1207 4532 Ι
1233 4464 1267 4519 Ῑλ
1289 4460 1361 4534 ἐπεί]
1379 4459 1439 4520 ἐτιλ
1457 4464 1535 4519 Ζαίαι
1558 4467 1562 4531 ί
1587 4465 1624 4520 21

317 4561 368 4628 τῆν
385 4556 449 4616 κατ’
467 4560 561 4617 αἰτῶν
579 4563 640 4618 and.
659 4564 696 4618 st.
715 4570 867 4634 τηνικαῦτα
886 4561 993 4629 τούςθ
1017 4568 1021 4633 Ι
1049 4565 1086 4621 22
1105 4561 1146 4621 οί2
1164 4566 1205 4620 Ga
1237 4568 1242 4634 Ι
1274 4566 1313 4621 25
1331 4564 1426 4637 λύγων
1444 4568 1493 4632 V*,
1511 4582 1580 4621 corr.
1590 4565 1628 4617 V²

319 4662 322 4683 “
352 4662 391 4717 32
410 4663 468 4730 καί]
487 4670 519 4727 -ί-
537 4662 621 4729 τούςθ
654 4669 658 4733 Ι
691 4666 730 4721 θθ
749 4664 960 4736 τελειωθέντας]
980 4674 1012 4729 ·ί-
1029 4667 1078 4722 καί
1095 4664 1189 4738 πηγάς
1205 4668 1254 4723 καί
1271 4667 1318 4722 Mo
1350 4670 1355 4735 1
1388 4667 1428 4723 84
1447 4665 1463 4735 ῆ
1482 4666 1534 4720 We
