3728 5508
331 468 371 531 18
919 458 1052 514 Eusebius

329 636 441 720 μέγαν.
468 632 473 714 Ι
505 632 561 696 καὶ
587 625 704 696 ἔπειτα
730 628 785 695 ἐπὶ
811 623 875 696 τὸν
900 630 964 695 τοῦ
988 630 1073 696 θεοῦ
1101 624 1306 714 ἄνθρωπον,
1333 624 1397 697 τόν
1424 622 1472 708 τός
1497 621 1640 714 ἇληθῶς
1657 635 1742 703 2119

329 722 573 816 τρισμακάριον
605 730 766 810 τρέπεται
796 731 983 809 Παυλῖνον,
1021 724 1129 813 ἄνδρα
1164 730 1353 814 τιμηθέντα
1387 729 1449 813 μέν
1483 731 1544 814 τῆς
1572 720 1640 796 Ἀν-

329 833 473 917 τισχέων
512 827 689 912 ἐκκλησίας
728 832 905 913 πρεσβείφ,
936 830 1135 914 διαπρεπῶς
1176 822 1208 898 δ’
1245 823 1538 897 ἐπισκοπεύσαντα
1579 830 1640 914 τῆς

332 935 465 1015 Τυρίων
491 916 584 995 οῦτω
606 951 642 993 τε
670 927 706 993 ἐν
733 930 776 1010 τῇ
802 928 970 1013 ἐπισκοπῇ
1000 921 1254 1012 διαλόμφαντα,
1282 921 1330 1008 ιός
1352 924 1417 1014 τὴν
1438 921 1640 1012 Ἀντιοχέων

293 1036 309 1089 6
328 1031 508 1114 ἐκκλησίαν
535 1019 584 1104 ως
606 1025 733 1094 οἰκείου
755 1021 889 1110 ἇγαθοῦ
909 1030 1183 1115 μεταποιηθῆναι
1205 1021 1321 1096 αύτοῦ.
1364 1020 1454 1096 ἄλλα
1479 1029 1535 1093 καὶ
1561 1030 1637 1096 τσῦ-
1674 1041 1690 1093 3

328 1154 401 1210 τον,
423 1127 597 1214 μακαρίως
618 1128 680 1212 μὲν
701 1119 899 1207 βεβιωκότα,
922 1131 1094 1212 μακαρίως
1117 1120 1150 1195 δ’
1168 1120 1452 1212 όναπεπαυμένσν
1472 1121 1578 1195 πύλαι
1600 1152 1637 1195 τε

327 1227 574 1311 κεκοιμημένον
607 1229 663 1291 καὶ
698 1227 803 1311 μηδὲν
838 1217 933 1313 αύτῷ
966 1230 1226 1310 διενοχλοῦντα,
1256 1218 1277 1293 ό
1308 1222 1503 1312 θαυμαστὸς
1534 1216 1636 1306 οὗτος

328 1323 538 1413 συγγραφεύς
561 1320 720 1394 σκώπτει
758 1327 813 1391 καί
834 1325 872 1392 ἐκ
893 1319 1021 1393 τούτου
1041 1322 1187 1410 μεταβὰς
1208 1318 1363 1411 Ὦριγένει
1384 1332 1534 1412 πολεμεῖ,
1556 1318 1639 1407 πρό-

327 1437 434 1497 παλαι
463 1428 520 1493 καὶ
550 1419 644 1510 αύτῷ
674 1427 881 1512 πεπαυμένῳ
912 1427 977 1492 τοῦ
1001 1429 1084 1507 βίου.
1129 1424 1246 1493 ἔπειτα
1274 1427 1453 1511 Ναρκίσσῳ
1481 1426 1638 1507 ἐπιστρα.

277 1533 310 1586 10
326 1523 475 1605 τεύεται,
506 1529 562 1591 καὶ
598 1519 662 1591 τὸν
698 1522 816 1608 ἐτερον
847 1517 1010 1605 ίλύσέβιον
1041 1521 1171 1604 διώκει,
1207 1516 1294 1610 ὁμοῦ
1325 1549 1364 1591 τε
1393 1517 1526 1603 πάντας
1557 1522 1638 1604 τοῦς

327 1620 621 1710 ἐκκλησιαστικοὺς
646 1626 798 1708 πατέρας
824 1617 954 1705 ἆθετεῖ,
982 1616 1095 1693 σύδενὶ
1120 1618 1162 1692 τὸ
1184 1618 1349 1708 παράπαν
1371 1617 1593 1707 ἀρεσκόμενος
1615 1616 1638 1708 ἢ

325 1721 422 1812 μόνῳ
451 1722 570 1809 ἑαυτῷ.
613 1717 733 1808 γράφει
759 1715 791 1790 δ’
816 1712 878 1792 οῦν
901 1715 1064 1809 όνομαστὶ
1087 1726 1202 1803 κακῶς
1223 1718 1449 1808 μνημονεύων
1468 1715 1637 1791 ἁπάντων
1672 1738 1691 1789 4

327 1828 455 1895 τοῦτον
475 1820 540 1893 τὸν
562 1817 695 1906 τρόπον

389 1925 458 2007 (Nr.
484 1927 536 2003 59)
560 1917 703 2008 ἄρξομαι
733 1926 853 1989 τοίνυν
884 1914 952 1990 ἀπὸ
984 1925 1045 2010 τῆς
1079 1915 1141 1990 εἶπ’
1169 1915 1276 1990 αύτοῦ
1302 1927 1483 2008 γραφείσης
1505 1923 1637 1991 ἐπιστο-

276 2037 309 2090 15
390 2025 450 2110 λῆς
466 2016 553 2107 πρὸς
572 2018 716 2088 ἕκαστον
738 2024 813 2088 τῶν
826 2017 871 2107 μὴ
886 2013 1004 2105 όρθιῦς
1020 2025 1226 2108 γραφέντων
1245 2016 1442 2108 α’ντιλέγειν.
1472 2024 1638 2107 γέγραφεν

388 2117 596 2190 πιστεύειν
627 2123 682 2200 είς
711 2124 865 2205 πατέρα
890 2116 989 2189 θεὸν
1023 2116 1355 2207 παντοκρύτσρα,
1386 2125 1449 2188 καὶ
1481 2125 1536 2200 είς
1568 2117 1638 2187 τὸν

389 2218 479 2291 υίὸν
503 2214 628 2288 αύτοῦ
649 2215 721 2288 τόν
743 2223 941 2307 μονογενῆ
963 2216 1075 2305 θεόν,
1103 2217 1177 2289 τόν
1197 2218 1339 2306 κύριον
1361 2214 1473 2308 ἡμῶν
1490 2215 1639 2308 Ἰησοῦν

390 2315 583 2407 Χριστόν,
619 2325 684 2387 καὶ
712 2323 766 2399 είς
793 2316 839 2388 τό
861 2325 1014 2410 πνεῦμα
1040 2318 1086 2391 τὸ
1114 2312 1246 2408 ἅγιον·
1280 2327 1337 2389 καί
1363 2342 1466 2406 φησιν
1491 2322 1533 2388 ἐκ
1555 2324 1638 2387 τῶν

390 2425 516 2487 θείων
540 2422 708 2505 γραφῶν
733 2425 1009 2508 μεμαθηκέναι
1034 2425 1184 2490 τοῦτον
1211 2416 1283 2490 τόν
1311 2424 1380 2506 τῆς
1403 2426 1637 2502 θεοσεβείας

389 2512 554 2603 τρόπον.
602 2516 669 2604 ἐγω
693 2521 730 2587 δέ
765 2510 851 2588 όταν
879 2525 941 2606 μὲν
966 2525 1071 2590 τοῦτο
1102 2525 1180 2606 λέγγγ
1211 2515 1416 2606 ἀποδέχομαι
1439 2515 1571 2606 σφόδρα
1594 2517 1637 2588 τὰ
1672 2534 1690 2587 5

390 2613 562 2704 λεγόμενα,
584 2614 702 2698 κοινός
720 2615 784 2705 γὰρ
804 2608 907 2700 οὗτος
921 2612 1088 2690 ἁπάντων
1102 2614 1199 2707 ἡμῶν
1221 2624 1281 2707 τῆς
1304 2624 1493 2701 θεοσεβείας
1517 2612 1537 2689 ό
1560 2613 1636 2705 τρό-

390 2744 465 2799 πος,
488 2714 696 2787 πιστεύειν
712 2722 936 2807 είςπατέρα
957 2726 1022 2788 καὶ
1043 2714 1131 2787 υἱόν
1144 2725 1210 2788 καὶ
1232 2711 1350 2805 όγισν
1365 2724 1529 2806 πνεῦμα·
1552 2710 1637 2788 όταν

389 2819 426 2885 δέ
447 2813 491 2903 μὴ
515 2818 576 2902 τῆς
590 2821 686 2896 θείας
701 2819 943 2904 ἐστοχασμένος
965 2813 1139 2905 δυνάμεως
1154 2812 1471 2904 ἇνθρωπικοότερον
1489 2813 1567 2906 ἡμῖν
1582 2813 1637 2889 διό

390 2941 485 2995 τινος
506 2916 667 2999 ἐντέχνου
688 2923 837 3002 θεωρίας
858 2912 922 2987 τόν
941 2944 978 2986 τε
1001 2922 1134 3001 πατέρα
1147 2923 1279 3003 πατέρα
1302 2923 1382 3005 λέγη
1404 2923 1461 2987 καί
1483 2916 1547 2989 τόν
1561 2917 1637 2989 υίόν

389 3010 475 3097 υἱόν,
491 3008 602 3083 οὐκέτ’
618 3016 769 3085 ἐπαινεῖν
783 3014 849 3103 τὴν
864 3012 1027 3103 τοιαύτην
1042 3023 1195 3105 θεωρίαν
1213 3013 1403 3089 ἀκίνδυνον.
1429 3015 1483 3087 διὰ
1497 3016 1561 3105 γὰρ
1577 3023 1637 3106 τῆς
1672 3039 1690 3093 6

390 3109 551 3200 τοιαύτης
565 3119 713 3200 θεωρίας
728 3112 792 3202 τὴν
807 3121 869 3184 νῦν
883 3110 999 3195 αὐτοῖς
1020 3118 1269 3203 ἐπινσσυμένην
1283 3119 1410 3203 αἳρεσιν
1432 3112 1636 3200 αὐξάνεσθαι

390 3217 569 3299 συμβαίνει,
580 3205 664 3300 ὅπερ
674 3219 793 3299 σαφοῦς
802 3216 960 3300 ἐπιδεῖξαι
969 3211 1088 3303 ῥᾴδιον
1098 3215 1190 3302 οἶμαι
1205 3219 1242 3285 ἐκ
1251 3221 1327 3286 τῶν
1336 3212 1443 3287 αὐτοῦ
1452 3211 1638 3302 λόγωνδίί*

391 3314 456 3400 ἐφη
470 3311 532 3398 γὰρ
548 3311 620 3383 τόν
635 3319 705 3401 μέν
720 3318 874 3400 πατέρα
889 3317 972 3383 δεῖν
987 3311 1151 3402 άληθῶς
1169 3320 1323 3400 πατέρα
1339 3317 1441 3385 εἶναι
1459 3322 1639 3404 νομίζειν

389 3419 454 3481 καὶ
478 3410 550 3482 τὸν
570 3409 659 3483 υἱόν
680 3407 844 3500 άληθῶς
865 3410 955 3483 υἱὸν
975 3420 1040 3483 καὶ
1061 3412 1108 3485 τό
1133 3406 1248 3502 ύγιον
1271 3420 1424 3502 πνεῦμα
1440 3410 1637 3496 οῦσαύτως.

277 3528 312 3585 30
328 3515 437 3582 ταῦτα
458 3504 478 3580 ό
498 3506 699 3599 Μάρκελλος
711 3511 798 3598 πρὸς
812 3507 989 3600 Ἀστέριον,
1005 3508 1067 3582 σύκ
1083 3510 1306 3603 ἀρεσκόμενος
1327 3521 1378 3603 τῷ
1394 3512 1466 3585 τὸν
1483 3518 1637 3598 πατέρα
1674 3534 1689 3585 7

329 3619 411 3683 δεῖν
437 3606 600 3699 ἇληθως
630 3617 786 3697 πατέρα
813 3613 916 3682 εἶναι
947 3606 1127 3700 ὁμολογεῖν
1157 3620 1221 3684 καὶ
1252 3612 1324 3685 τόν
1354 3611 1442 3681 υἱόν
1472 3607 1638 3701 όληθσῦς

328 3710 415 3781 υἱόν
435 3716 499 3779 καὶ
522 3707 568 3780 τό
591 3702 705 3799 όγιον
726 3717 878 3799 πνεῦμα
901 3707 1098 3793 ιύσαύτως.
1139 3706 1224 3783 ὅθεν
1244 3714 1319 3802 ἑξῆς
1340 3712 1396 3781 διὰ
1416 3716 1639 3800 μακροτέρων

329 3805 566 3895 όνασκευύζειν
581 3809 644 3882 τόν
653 3816 729 3899 περὶ
740 3809 879 3883 τούτοιν
887 3815 1043 3897 πειρᾶται
1055 3807 1169 3900 λόγον.
1190 3811 1293 3898 φιλὸν
1302 3810 1365 3899 γὰρ
1376 3819 1432 3881 καὶ
1442 3818 1493 3899 τῷ
1503 3807 1637 3898 όνθρω-

328 3917 414 3998 πείφ
443 3906 535 3998 λόγῳ
564 3905 698 3999 ὅμοιον,
724 3906 796 3999 ούχὶ
819 3916 855 3980 δὲ
880 3907 956 3980 υἱόν
983 3905 1124 3997 ἇληθῶς
1147 3917 1261 3998 ζῶντα
1288 3917 1344 3981 καὶ
1367 3908 1551 3997 ῦφεστῶτα
1574 3910 1637 3982 τὸν

278 4026 312 4081 35
330 4006 481 4095 Χριστόν
495 4008 582 4079 εἶναι
592 4005 771 4098 ὁμολογεῖν
781 4014 973 4080 ἐθέλειεκαὶ
987 4009 1101 4098 ἐπειδὴ
1112 4010 1241 4100 ταύτην
1250 4010 1344 4081 είπεν
1353 4014 1565 4081 ἐπινοεῖσθαι
1576 4016 1637 4081 νῦν
1671 4026 1690 4080 8

415 4180 456 4235 8⁰
473 4179 530 4249 vgl.
547 4178 593 4232 Nr.
612 4181 645 4235 59
662 4208 696 4219 —
714 4180 751 4235 85
770 4179 827 4250 vgl.
845 4178 891 4233 Nr.
909 4182 943 4234 59

413 4314 476 4378 δέ’
494 4318 603 4377 Klr’V
627 4323 633 4392 Ι
658 4324 692 4378 ll
713 4320 794 4378 οὐδέν
806 4322 854 4387 Ψ,
867 4338 934 4376 corr.
948 4321 1006 4390 V²l
1023 4322 1137 4379 14-29
1154 4321 1203 4377 das
1216 4323 1308 4377 θύετε
1320 4321 1389 4376 wird
1402 4323 1591 4377 vonReZahn
1605 4327 1639 4380 54

329 4425 459 4480 Ηαευεοίι
489 4425 535 4479 LG
561 4426 612 4480 112
639 4425 691 4479 mit
711 4424 800 4480 flecht
824 4423 869 4476 fiir
889 4422 934 4476 ein
961 4423 1214 4493 Mareellfmgment
1239 4424 1370 4493 gehalten
1405 4424 1472 4494 (ng.
1501 4424 1527 4479 Z.
1555 4425 1638 4492 ³0fl);

329 4527 428 4582 andere
454 4544 506 4596 mg
521 4544 547 4580 υ.
565 4525 724 4595 Conybeare
742 4524 851 4579 ZNTW
866 4528 931 4579 4ευσ
953 4525 958 4591 Ι
984 4525 1021 4581 Ῑδ
1043 4522 1197 4595 ἀντιλέγων
1217 4527 1264 4581 Μο
1288 4526 1293 4593 l
1316 4523 1470 4596 γέγραφεν]
1489 4530 1520 4593 -ί-
1544 4525 1574 4583 δέ
1591 4526 1638 4581 Mo

330 4637 362 4687 -ί-
380 4626 436 4700 γὰρ
455 4647 469 4681 r
491 4630 496 4697 Ι
520 4629 560 4684 20
585 4625 675 4682 πέπον
693 4640 734 4679 mr
757 4628 761 4693 1
785 4626 822 4681 27
851 4619 951 4699 ὥσπερ
968 4626 1002 4695 V,
1020 4645 1088 4682 corr.
1103 4627 1156 4682 We
1180 4632 1184 4695 Ι
1212 4627 1251 4683 θθ
1274 4626 1369 4697 φιλδν]
1389 4629 1446 4696 vgl.
1465 4627 1550 4689 s.4,3
1568 4644 1595 4683 u.
1613 4633 1638 4680 ὅ.
