3728 5508
642 503 741 558 eontra
756 501 918 557 Muoollum
935 501 961 555 II
978 502 1003 556 3.
1438 507 1477 567 45

232 670 304 753 (Nr.
320 672 391 752 104)
422 669 450 737 εἰ
471 658 533 738 οὖν
565 660 597 754 (ό
626 664 755 756 σωτὴρ)
787 660 947 755 όμολογεῑ
976 663 1042 754 τὴν
1067 660 1174 753 σάρκα
1194 668 1300 754 μηδὲν
1321 657 1478 752 αἰφελείν,

231 774 311 849 πῶς
331 771 474 857 ἐγχωρεί
489 772 495 857 1
513 765 578 858 τὴν
599 770 637 839 ἐκ
657 771 718 856 γῆς
739 794 777 836 τε
799 756 904 837 οὖσαν
925 770 981 835 καί
1001 768 1107 854 μηδὲν
1128 760 1333 852 ὠφελοῦσαν
1355 769 1480 849 ἐντοῖς
1497 770 1538 826 44

230 870 414 954 μέλλουσιν
436 870 556 939 αἰῶσιν
577 862 659 955 (σάς)
681 861 776 956 αὐτῷ
800 872 1041 938 λυσιτελοῦσαν
1063 881 1210 936 συνεῖναι
1232 871 1283 954 τῷ
1307 861 1417 954 λόγω;

169 973 223 1038 καί
247 959 350 1050 αὖθις
371 975 449 1054 περὶ
470 973 531 1058 τῆς
552 961 657 1056 ου’τῆς
680 963 804 1055 σαρκός
825 969 971 1054 ἐπιλέγει
1513 964 1531 1018 5

139 1082 154 1137 5
231 1070 304 1153 (Nr.
321 1075 392 1153 104)
414 1074 491 1150 πῶς
511 1068 563 1139 ἐτι
584 1064 650 1155 τὴν
672 1072 735 1137 τοῦ
756 1064 882 1137 δούλου
901 1061 1048 1154 μορφήν,
1071 1062 1114 1155 ἣν
1132 1058 1349 1153 άνείληφενό
1368 1059 1480 1153 λόγος,

229 1166 373 1257 μορφὴν
387 1159 493 1239 οὖσαν
507 1164 642 1250 δούλου,
664 1185 813 1237 συνεῖναι
828 1171 880 1255 τῷ
896 1160 988 1255 λόγῳ
1012 1161 1087 1250 [διὸ]
1111 1162 1261 1236 δυνατόν
1283 1160 1408 1254 γένοιτ’
1423 1163 1482 1250 512,-

170 1263 245 1340 άλλ’
269 1262 290 1339 ό
313 1273 456 1340 τοιαῦτα
476 1273 554 1355 περὶ
576 1272 638 1355 τῆς
659 1263 784 1355 σαρκός
804 1266 913 1336 είπών
932 1270 995 1335 νῦν
1020 1259 1155 1336 »εἰκόνα
1169 1268 1233 1337 τοῦ
1247 1271 1350 1337 θεοῦ(
1373 1261 1483 1355 αὐτὴν

170 1374 268 1456 λέγει,
291 1374 348 1439 καί
366 1363 615 1457 »πρωτότοκον
628 1361 739 1454 πόσης
753 1372 924 1448 κτίσεωςι,
948 1360 1056 1454 αὐτήν
1069 1392 1108 1434 τε
1130 1354 1234 1435 οὖσαν
1252 1362 1321 1452 πρό
1336 1361 1483 1436 πάντων

173 1470 247 1538 »καί
268 1462 387 1538 πάντα
410 1464 452 1537 τά
474 1469 512 1536 ἰν
533 1483 606 1548 τοίς
628 1461 786 1552 οὐρανοῖς
799 1471 854 1537 καί
877 1462 920 1536 τά
942 1467 997 1535 ἐπὶ
1016 1469 1077 1553 τῆς
1099 1469 1168 1552 γῆς,
1191 1459 1350 1554 θρόνους,
1372 1461 1483 1552 κυριό-

123 1578 155 1633 10
170 1595 289 1655 τητας,
312 1562 424 1656 άρχάς,
448 1570 608 1652 ἐξουσίας,
630 1569 668 1636 ἐν
687 1559 774 1653 αὐτῇ
796 1567 980 1635 ἐκτίσθαιι.
1022 1559 1143 1652 γράφει
1165 1568 1201 1633 δὲ
1223 1555 1335 1648 οὕτως
1516 1574 1533 1628 6

231 1670 305 1751 (Nr.
320 1673 352 1752 4)
376 1662 503 1740 οὐκοῦν
516 1667 546 1737 εἰ
563 1660 825 1755 »πρωτότοκοςι
841 1669 904 1753 μέν
917 1668 1011 1734 ἐστιν
1028 1658 1177 1751 »άπάσης
1190 1670 1351 1747 κτίσεως(
1369 1660 1482 1750 αότός,

233 1770 295 1837 »ἐν
315 1762 428 1856 αὖτῷι
453 1771 490 1837 δὲ
513 1769 674 1853 »ἐκτίσθη
699 1762 745 1834 τά
770 1759 920 1847 πάνται,
951 1758 1114 1851 προσήκει
1144 1765 1267 1833 εἰδέναι
1296 1759 1396 1853 ἡμᾶς,
1428 1758 1483 1837 ότι

230 1872 313 1954 περὶ
327 1871 389 1956 τῆς
403 1863 492 1936 κατά
506 1860 614 1952 σάρκα
629 1868 823 1952 οἰκονομίας
838 1857 945 1934 αὐτοῦ
959 1856 978 1933 ό
997 1857 1193 1944 ἀπόστολος
1214 1869 1289 1934 νυνὶ
1310 1869 1483 1954 μέμνηται.

168 1973 224 2037 καί
247 1969 438 2054 ἐπιβεβαιοῑ
457 1961 520 2036 τόν
542 1960 649 2053 λόγον
670 1967 845 2050 ἐπιφέρων
867 1965 942 2052 ἑξῆς

124 2076 153 2130 15
233 2069 307 2152 (Nr.
322 2071 354 2149 5)
379 2060 644 2155 »πρωτότοκοςι
669 2054 732 2135 οὖν
757 2057 907 2150 »άπάσης
926 2068 1087 2144 κτίσεωςι
1112 2059 1167 2132 διά
1190 2060 1253 2151 την
1274 2062 1363 2136 κατά
1377 2061 1484 2155 σάρκα

230 2170 364 2253 γένεσιν
379 2160 577 2253 ω’νομάσθη,
593 2158 634 2235 οὐ
650 2161 713 2234 διά
727 2160 801 2252 τὴν
813 2160 995 2251 πρώτην,
1014 2157 1061 2243 ὦς
1076 2158 1174 2233 αὐτοὶ
1189 2165 1331 2247 οἴονται,
1342 2170 1482 2238 κτίσιν.

168 2271 223 2335 καί
246 2267 395 2352 ἐπιλέγει
1519 2278 1533 2329 1

232 2366 307 2451 (Nr.
322 2371 354 2449 6)
387 2358 429 2435 οὔ
459 2370 579 2434 τοίνυν
610 2353 714 2446 οὗτος
743 2357 764 2434 ό
794 2356 988 2451 άγιοότατος
1014 2355 1115 2447 λόγος
1136 2359 1204 2448 πρὸ
1226 2367 1288 2451 τῆς
1309 2368 1484 2456 ἐνανθρσο·

233 2460 373 2553 πήσεως
390 2460 636 2550 »πρωτότοκος
650 2456 782 2551 άπάσης
799 2470 961 2543 κτίσεως(
988 2456 1169 2549 ω’νόμαστο
1192 2467 1279 2547 (πῶς
1300 2461 1364 2550 γάρ
1385 2468 1484 2535 όυνα·

123 2572 154 2627 20
234 2560 388 2634 τὸντὸν
410 2555 570 2635 άείόντα
591 2558 823 2649 πρωτότοκον
851 2561 936 2631 εἰναί
962 2566 1099 2645 τινος,·),
1131 2555 1217 2632 άλλά
1247 2557 1312 2631 τόν
1339 2569 1484 2653 πρῶτον

236 2661 380 2734 »καινόν
401 2661 623 2752 άνθρωπονι,
645 2664 693 2745 εἰς
714 2654 756 2731 όν
781 2660 842 2731 »τά
856 2657 971 2733 πάντα
986 2654 1372 2744 ἇνακεφαλαιώσασθαιι
1397 2667 1485 2751 ἐβου

235 2757 330 2850 λήθη
345 2755 365 2833 ό
380 2757 472 2846 θεός,
495 2768 624 2835 τοῦτον
637 2764 672 2832 αί
689 2770 780 2833 θεῖαι
800 2765 925 2849 γραφαί
950 2754 1198 2845 »πρωτότοκον
1210 2755 1336 2848 πάσης(
1361 2757 1484 2851 ὄνομά-

236 2870 355 2948 ζουσιν
379 2868 567 2943 »κτίσεως«.

171 2967 228 3030 καὶ
252 2952 356 3044 αὖθις
376 2965 526 3048 ἐπιφέρει

123 3067 154 3123 25
235 3063 308 3145 (Nr.
323 3067 354 3146 7)
377 3056 510 3144 άκοόεις
525 3054 621 3143 ὅπως
636 3057 679 3132 οὐ
697 3057 806 3151 μόνον
827 3062 945 3141 ταῦτα,
968 3054 1056 3129 άλλά
1077 3064 1132 3128 καὶ
1153 3056 1196 3128 τά
1218 3056 1484 3149 προϋπάρχοντα

238 3163 297 3232 »ἐν
317 3187 357 3231 τε
379 3156 538 3251 οὗρανοίς
558 3167 613 3231 καί
635 3164 690 3241 ἐπί
713 3165 775 3249 τῆς
790 3164 850 3249 γῆς
864 3160 902 3229 ἐν
916 3154 1029 3247 αὐτῷ(
1053 3157 1142 3227 κατὰ
1157 3156 1222 3247 τὴν
1235 3158 1356 3249 καινὴν
1374 3169 1485 3234 κτίσιν

238 3263 433 3331 »ἐκτίσθαιι
459 3268 636 3351 συμβαίνει

172 3364 285 3430 ταῦτα
298 3365 361 3448 μέν
375 3352 439 3432 οὖν
453 3356 495 3432 δι’
512 3352 564 3431 σόν
577 3355 808 3447 πρωτότοκον
821 3354 931 3446 πάσης
944 3364 1087 3438 κτίσεως
1101 3354 1156 3428 διά
1176 3356 1240 3446 τὴν
1256 3355 1361 3448 σάρκα
1377 3357 1484 3435 αὐτὸν
1517 3378 1535 3425 8

172 3454 378 3548 ὠνομάσθαι
392 3462 535 3549 εἴρηκεν·
556 3466 621 3532 θέα
637 3464 672 3530 δέ
687 3454 784 3540 ὅπως
798 3464 853 3527 καὶ
869 3456 909 3528 τὸ
927 3453 1059 3545 »κύριος
1074 3458 1205 3527 ἐκτισέν
1217 3485 1258 3547 με
1272 3451 1378 3549 ἀρχὴν
1391 3455 1485 3534 όδῶν

122 3565 154 3621 ³⁰
171 3554 283 3629 αὐτοῦ
297 3563 344 3642 εἰς
362 3556 576 3648 έργααότοῦι
596 3556 703 3631 πάλιν
720 3561 776 3629 ἐπὶ
794 3556 858 3647 τὴν
876 3554 983 3643 σάρκα
1002 3549 1170 3645 άναφέρει,
1188 3555 1233 3646 μὴ
1248 3564 1427 3647 προσέχων
1441 3569 1484 3652 τῇ

172 3665 253 3749 θείᾳ
261 3665 375 3747 γραφῇ
385 3662 423 3729 ἐκ
432 3658 622 3748 προσώπου
636 3665 698 3749 τῆς
712 3666 835 3745 σοφίας
849 3660 887 3727 ἐν
902 3674 976 3737 ταῖς
987 3661 1183 3743 Παροιμίαις
1199 3663 1327 3729 τοῦτον
1342 3660 1484 3751 λεγοόση

172 3753 396 3848 τὸν·τρόπον
416 3763 473 3831 44v
502 3758 588 3847 »ἐγω
611 3754 632 3849 ἦ
654 3765 758 3845 σοφία
778 3752 1020 3846 κατεσκήνωσα
1039 3752 1182 3845 βουλάν,
1203 3762 1258 3826 καί
1280 3766 1407 3846 γνῶσιν
1428 3768 1483 3832 καί

172 3858 314 3928 ἔννοιαν
322 3857 388 3945 ἰγώ
399 3854 715 3948 ἐπεκαλεσάμην·δι’
725 3862 959 3947 ἐμοῦβαοιλεῑς
968 3852 1270 3940 βασιλεύουσιν,καὶ
1281 3862 1314 3928 οἰ
1323 3856 1483 3932 δυνάσται

260 4026 358 4082 lJoh.
375 4028 400 4094 6,
419 4029 452 4084 63
473 4057 509 4068 -
534 4028 554 4084 ὅ
571 4028 644 4083 Phil.
661 4030 687 4095 2,
706 4031 721 4083 7
739 4057 773 4068 -
793 4027 842 4083 w
857 4025 918 4081 Kol.
937 4029 961 4093 1,
980 4028 1020 4082 15.
1039 4027 1072 4081 16
1093 4054 1127 4064 -
1152 4025 1424 4094 11Κο11,15.16
1449 4060 1483 4070 -

175 4128 214 4184 15
233 4127 294 4183 1101
313 4130 337 4195 1,
357 4130 389 4184 15
406 4158 441 4169 -
461 4127 956 4199 19Κο1.1,15-21Ερίι.2,15
977 4158 1011 4168 -
1032 4125 1180 4199 Eph.1‚10
1205 4158 1239 4169 -
1266 4130 1306 4185 22
1328 4128 1389 4185 Kol.
1408 4134 1432 4198 1,
1452 4135 1483 4187 15

173 4257 207 4268 -
226 4230 296 4286 M
311 4228 373 4286 Κοί.
393 4233 417 4294 1,
436 4232 470 4286 16
488 4258 521 4269 -
538 4231 577 4288 28
595 4231 658 4285 Κο1.
677 4234 700 4295 1,
720 4233 753 4285 15
770 4259 803 4270 -
822 4231 862 4286 211
881 4229 960 4284 Prov.
978 4231 1002 4295 8,
1021 4231 1055 4285 22
1081 4260 1114 4271 -
1141 4231 1181 4288 32
1200 4231 1281 4285 Prov.
1298 4233 1322 4297 8,
1341 4234 1374 4288 12
1391 4262 1424 4272 -
1442 4233 1482 4289 88

174 4329 254 4385 Prov.
272 4331 297 4397 8,
316 4334 349 4387 15

261 4480 277 4536 1
293 4454 315 4535 ὀ
333 4481 426 4553 σωτὴρ
445 4488 478 4542 <
496 4481 559 4536 and.
576 4480 616 4536 st.
642 4482 647 4550 ι
674 4474 752 4547 τας
769 4480 833 4536 and.
851 4481 889 4535 st.
916 4482 921 4549 ι
947 4482 966 4538 ι
985 4474 1026 4537 ἔτι
1043 4482 1106 4536 αα.
1119 4483 1158 4538 τι,
1177 4476 1269 4539 ἔστιν
1295 4484 1300 4550 ι
1326 4477 1481 4540 ταναὸν

176 4580 238 4636 ια.
257 4582 297 4636 τι
314 4577 358 4637 σε
377 4579 553 4639 τρόπον
579 4584 584 4652 ι
610 4583 652 4639 τε
670 4581 821 4653 mmm
837 4582 993 4637 τάττω(
1010 4600 1037 4638 u.
1055 4583 1090 4638 σε
1106 4584 1172 4639 0001.
1184 4585 1224 4639 υ.
1237 4586 1257 4652 1,
1269 4584 1311 4651 20,
1320 4587 1351 4641 81
1372 4584 1482 4654 111‚1,2

172 4682 259 4751 δόξαν
275 4680 302 4736 V
