3698 5510
314 497 354 560 68
899 493 1033 549 Eusebius

315 659 378 725 τοῦ
399 662 474 726 τοῦν
496 647 591 727 ὅλων
613 662 698 726 θεοῦ
719 654 850 746 ταύτην
871 653 966 748 αὐτῷ
987 654 1051 746 τῆν
1066 662 1254 744 μαρτυρίαν
1268 658 1536 745 παρασχομένου,
1559 658 1622 725 τοῦ

315 781 353 824 τε
376 749 612 843 εὐαγγελιστοῦ
634 754 818 847 διαρρήδην
848 754 956 829 αὐτὸν
985 755 1061 828 υίδν
1086 761 1255 847 μονογενῆ
1285 754 1372 827 είναι
1401 751 1622 837 διδάσκοντος

314 849 359 924 δι’
384 845 435 923 ὧν
456 855 521 945 ἔφη
546 854 649 927 »θεὸν
671 853 778 940 οῦδεὶς
801 857 951 945 ἑώρακεν
971 856 1128 928 ποόποτε·
1164 851 1183 927 ό
1204 854 1391 946 μονογενὴς
1405 853 1479 937 υίὸς
1494 849 1528 942 (ἢ
1545 880 1621 942 εμο-

314 951 455 1042 νογενῆς
477 954 592 1042 θεόςε)
615 948 634 1026 ό
656 947 708 1027 ὢν
723 961 770 1039 είς
785 955 848 1029 τὸν
861 952 995 1028 κόλπον
1010 961 1074 1029 τοῦ
1094 955 1235 1045 πατρός,
1258 959 1385 1038 ἐκεῖνος
1403 951 1621 1045 ἐξηγῆσατοι,

279 1049 401 1124 δόλλά
422 1060 477 1124 καὶ
499 1051 606 1126 αὐτοῦ
627 1062 691 1127 τοῦ
712 1061 868 1145 σωτῆρος
893 1059 932 1126 έν
953 1074 1028 1136 ταῖς
1049 1063 1126 1143 περὶ
1148 1051 1255 1127 αὐτοῦ
1276 1060 1504 1137 διδασκαλίαις
1525 1049 1621 1124 ταῦτ’

313 1158 652 1244 ίπισφραγιζομένου,
684 1151 731 1226 δι’
763 1147 814 1226 οῦν
835 1157 947 1242 ἔλεγεν
978 1149 1107 1237 »οὕτως
1133 1154 1196 1244 γὰρ
1219 1150 1392 1245 ῆγόπησεν
1414 1149 1434 1224 ὁ
1456 1150 1538 1235 θεὸς
1559 1151 1623 1224 τὸν

312 1249 450 1339 κόσμον,
472 1251 562 1326 ὥστε
584 1252 649 1326 τόν
668 1254 745 1327 υίόν
765 1251 872 1326 αδτοῦ
894 1254 959 1326 τὸν
978 1259 1148 1344 μονογενῆ
1169 1256 1312 1338 ἔδωκεν,
1343 1257 1398 1324 ἵνα
1428 1260 1496 1335 πᾶς
1526 1247 1546 1322 ὁ
1570 1281 1622 1321 ιιι·

313 1350 446 1423 στεύων
476 1355 522 1436 είς
552 1349 659 1425 αὐτόν
686 1356 744 1442 έχη
766 1354 860 1445 ζωὴν
881 1354 1054 1438 αίοόνιονι,
1086 1348 1105 1426 ό
1128 1353 1212 1442 μετὰ
1234 1351 1360 1435 ταύτας
1386 1361 1391 1436 Ι
1419 1352 1480 1437 τὰς
1502 1350 1622 1440 φωνὰς
1656 1362 1758 1430 6168

312 1451 458 1541 γενητόν
484 1457 520 1538 έξ
551 1449 612 1524 οῦκ
647 1447 764 1526 όντοον
799 1460 855 1525 καί
882 1461 1005 1543 κτίσμα
1034 1460 1252 1544 προηγμένον
1282 1456 1320 1523 έκ
1350 1458 1413 1524 τοῦ
1443 1452 1488 1542 μῆ
1520 1445 1622 1535 ὄντος

262 1565 295 1619 10
313 1550 376 1623 τόν
397 1550 473 1623 οίὸν
495 1546 690 1642 ὁριζόμενος
716 1560 862 1643 λέληθεν
883 1545 1035 1642 τοῦνομα
1061 1556 1122 1641 μέν
1143 1549 1238 1642 αὐτῷ
1260 1550 1369 1642 μόνον
1394 1548 1620 1641 χαριζόμενος,

311 1649 353 1722 τό
376 1647 409 1720 δ’
433 1647 574 1741 ἇληθῶς
594 1651 671 1724 νίόν
692 1651 778 1723 είναι
800 1649 1016 1740 ἀρνούμενος.
1059 1647 1079 1724 δ
1101 1651 1164 1742 γὰρ
1186 1655 1221 1739 ἐξ
1247 1647 1310 1722 οὐκ
1332 1644 1448 1723 ὄντων
1470 1652 1622 1741 γεγονὼς

312 1746 374 1822 οῦκ
404 1745 468 1836 [όν]
502 1747 645 1841 ἀληθῶς
675 1747 798 1841 γένοιτ’
825 1749 868 1824 διν
889 1750 962 1835 υίὸς
984 1757 1083 1837 θεοῦ,
1106 1745 1162 1823 ότι
1183 1758 1265 1842 μηδὲ
1288 1750 1374 1823 ἄλλο
1396 1779 1432 1822 τι
1453 1759 1528 1823 τῶν
1548 1778 1620 1839 γεν-

311 1878 435 1940 νητων.

394 1956 436 2023 10
455 1945 474 2021 ό
498 1945 531 2020 δ’
552 1945 694 2038 ἀληθῶς
716 1949 788 2032 υίὸς
809 1956 873 2022 τοῦ
894 1957 988 2036 θεοῦ,
1012 1953 1047 2037 ίζ
1069 1946 1175 2022 αῦτοῦ
1197 1944 1259 2022 ὅτε
1274 1949 1315 2039 δῆ
1331 1952 1368 2020 ίκ
1382 1946 1515 2038 πατρὸς
1537 1944 1620 2021 οἷπο·
1637 1961 1685 2023 δτι
1723 1969 1827 2035 μόνος

260 2062 292 2114 15
310 2055 455 2138 τεχθείς,
488 2045 631 2130 εἰκότως
660 2054 716 2120 καὶ
745 2051 930 2140 μονογενὴς
956 2059 1012 2123 καί
1039 2046 1214 2139 ἀγαπητὸς
1235 2057 1467 2139 χρηματίσειεν
1491 2046 1534 2121 όν
1557 2055 1620 2120 τοῦ
1637 2031 1672 2159 {²
1689 2044 1750 2092 τοῦ
1768 2055 1825 2161 ’ἔξ

310 2145 454 2237 πατρός·
491 2140 584 2219 οῦτοι
606 2154 719 2220 δὲκαὶ
741 2149 823 2233 θεὸς
845 2146 888 2221 ἂν
910 2154 969 2238 εἴη.
1004 2158 1039 2221 τί
1060 2150 1122 2241 γὰρ
1145 2147 1187 2222 διν
1207 2154 1342 2238 γένοιτο
1364 2155 1450 2221 θεοῦ
1471 2154 1620 2239 γέννημα
1637 2123 1824 2294 νηηιςειςγεῖ·

310 2242 348 2336 <ῆ
371 2246 429 2335 τὸ>
451 2252 501 2336 τῷ
525 2246 740 2337 γεγεννηκότι
763 2244 1051 2340 οἱφτομοιωμένον;
1072 2256 1176 2336 κτίζει
1194 2254 1257 2338 μὲν
1271 2240 1334 2319 οὖν
1347 2248 1501 2332 flamme
1515 2247 1620 2321 πόλιν
1637 2257 1738 2372 ²9ng
1751 2244 1825 2363 ,25²

311 2341 384 2417 όλλ>
407 2343 449 2418 οῦ
469 2352 571 2440 γεννᾷ
590 2343 701 2431 πόλιν,
725 2354 849 2436 γεννᾶν
871 2356 907 2421 δὲ
927 2346 1003 2420 υίόν
1024 2344 1099 2422 αλλ’
1120 2346 1162 2420 οῦ
1183 2355 1310 2435 κτίζειν
1331 2354 1476 2438 λέγεται·
1498 2354 1554 2419 καί
1577 2343 1618 2436 [ό]
1635 2377 1813 2444 μονογρνης

310 2451 464 2535 τεχνίτης
493 2446 695 2536 δημιουργὸς
725 2444 798 2519 ἀλλ’
830 2445 904 2537 οῦχί
933 2449 1048 2539 πατὴρ
1078 2443 1203 2539 γένοιτ’
1230 2444 1273 2519 ἂν
1302 2454 1366 2520 τοῦ
1395 2447 1483 2536 πρὸς
1512 2446 1619 2520 αὐτοῦ
1636 2438 1822 2575 mcum?

257 2557 291 2614 20
309 2550 627 2636 δημιουργουμένον,
658 2553 723 2619 τοῦ
753 2544 785 2620 δ’
817 2553 852 2634 ἐξ
878 2544 986 2620 αὐτοῦ
1012 2547 1142 2636 φύντος
1168 2551 1245 2620 υίοῦ
1266 2544 1329 2620 οῦκ
1351 2545 1393 2618 όὶν
1415 2547 1618 2638 δημιουργός
1676 2595 1779 2649 emm,

309 2650 454 2735 λεχθείη.
497 2651 553 2715 καί
580 2646 621 2737 δὴ
642 2655 698 2719 καί
725 2642 744 2719 ό
766 2654 840 2719 τῶν
862 2641 956 2719 όλων
978 2648 1060 2730 θεὸς
1086 2653 1150 2719 τοῦ
1170 2653 1233 2737 μὲν
1252 2650 1329 2719 οἱοῦ
1350 2645 1473 2737 πατήρ,
1496 2655 1560 2721 τοῦ
1581 2652 1618 2717 δέ

306 2740 434 2834 κόσμου
459 2753 598 2836 κτίστης
624 2745 667 2818 δν
692 2744 833 2829 εἰκότας
858 2756 914 2818 καί
944 2747 1089 2838 ποιητὴς
1121 2753 1264 2836 λέγοιτο.
1307 2751 1337 2817 εί
1367 2742 1400 2816 δ’
1428 2739 1519 2833 όπαξ
1547 2772 1619 2817 που
1652 2761 1671 2816 2

306 2851 369 2931 τῆς
390 2850 523 2935 γραφῆς
544 2842 690 2933 εῦρίσκοι
711 2876 764 2930 τις
791 2853 965 2937 εἰρημένον
994 2845 1127 2935 »κύριος
1156 2849 1288 2919 ἔκτισέν
1318 2873 1357 2936 με
1387 2842 1493 2935 ἀρχὴν
1523 2840 1617 2916 όδῶν

306 2939 412 3014 αὐτοῦ
444 2949 491 3024 είς
521 2947 601 3034 ἔργα
632 2941 772 3031 αῦτοῦι,
802 2944 866 3017 τόν
896 2952 981 3017 νοῦν
1010 2951 1207 3018 ἐπισκοπεῖν
1234 2945 1299 3035 χρὴ
1331 2951 1395 3018 τοῦ
1425 2941 1544 3033 λόγου,
1576 2939 1618 3014 όν

254 3055 287 3108 25
304 3040 426 3131 μικρὸν
447 3036 592 3132 ῦστερον
614 3041 810 3134 ἐκθήσομαι,
833 3042 919 3117 ἄλλα
940 3044 985 3135 μὴ
1007 3045 1094 3116 κατὰ
1110 3042 1315 3133 Μάρκελλον
1337 3050 1375 3116 ἐκ
1396 3049 1473 3134 μιᾶς
1492 3049 1616 3130 λέξεως

305 3140 346 3212 τό
377 3142 592 3228 κοριοότατον
623 3149 684 3233 τῆς
714 3148 890 3233 ἐκκλησίας
920 3142 1165 3233 παρασαλεῦειν
1200 3143 1316 3234 δόγμα.
1366 3140 1522 3226 κάκεῖνος
1551 3142 1614 3232 γὰρ

305 3234 395 3328 ἅπαξ
416 3238 563 3327 όκοῦσας
585 3240 691 3333 λόγον
713 3245 798 3315 είναι
821 3241 883 3314 τὸν
904 3238 993 3329 υίόν,
1024 3248 1079 3314 ἐπὶ
1106 3242 1171 3314 τὸν
1195 3243 1388 3333 όνθροιπον
1409 3242 1614 3314 καταπεσών

304 3341 368 3430 τῆν
390 3335 534 3431 ῦπαρζιν
561 3339 678 3433 ῆθέτει
708 3341 822 3415 αὐτοῦ.
866 3336 907 3414 όν
938 3341 978 3431 δὴ
1008 3349 1063 3412 καὶ
1092 3341 1179 3432 πρὸς
1208 3339 1317 3415 αὐτοῦ
1345 3349 1402 3414 καὶ
1432 3338 1518 3429 πρὸς
1549 3348 1612 3413 τοῦ
1649 3366 1666 3418 3

302 3440 434 3529 πατρὸς
454 3440 732 3532 μαρτυρούμενον
753 3444 838 3514 εἶναι
858 3440 934 3513 οίόν
955 3449 1030 3524 πῶς
1060 3460 1134 3524 τοῖς
1164 3453 1299 3524 λοιποῖς
1325 3458 1483 3531 γενητοῖς
1503 3469 1613 3528 παρα·

251 3547 285 3603 30
302 3538 440 3623 βάλλειν
463 3535 578 3621 όσιον,·
607 3549 683 3624 πῶς
704 3537 738 3611 δ’
762 3545 853 3612 ἔσται
879 3540 1066 3630 μονογενὴς
1093 3548 1144 3631 τῷ
1171 3539 1299 3631 πλῆθει
1321 3549 1396 3613 τῶν
1417 3540 1613 3630 γεγονότων

302 3639 628 3730 συναριθμοῦμενος;
662 3648 717 3710 καί
747 3639 814 3730 μὴν
845 3645 880 3726 ἐξ
909 3636 1013 3729 αὐτῆς
1044 3647 1105 3730 τῆς
1135 3649 1365 3730 προσηγορίας
1396 3635 1415 3711 ό
1446 3638 1519 3722 υίὸς
1549 3638 1614 3729 τῆν

385 3860 481 3915 8J0h.
501 3863 523 3924 1.
543 3862 576 3916 18
597 3890 630 3899 -
657 3860 756 3916 θίοίι.
774 3861 798 3926 3,
819 3861 901 3915 16-
928 3858 1022 3918 8-26
1045 3860 1100 3929 vgl.
1119 3860 1245 3915 Socrates
1266 3861 1293 3913 h.
1312 3877 1335 3915 ο.
1353 3861 1378 3927 2,
1396 3861 1441 3916 21:
1465 3853 1527 3916 εἶτα
1546 3859 1613 3929 (vgl.

300 3961 325 4014 S.
344 3963 385 4027 67,
403 3961 498 4029 2-10)
524 3957 585 4030 μετ’
604 3958 686 4032 ὀλίγα
704 3958 788 4016 πόλιν
807 3957 946 4031 ἐπιφέρει·
977 3955 993 4014 δ
1015 3961 1111 4015 τοίνυν
1129 3959 1265 4032 γεννητόν
1284 3956 1314 4026 ἐξ
1330 3991 1364 4000 -
1382 3960 1485 4032 δόγμα.
1511 3990 1546 4000 -
1572 3960 1614 4016 28

299 4062 380 4117 Prov.
398 4064 423 4124 8,
441 4063 475 4116 22
497 4093 531 4103 -
560 4064 598 4119 25
617 4063 673 4132 vgl.
692 4062 726 4118 de
744 4061 810 4118 οοοὶ.
828 4063 867 4115 th.
891 4062 938 4129 III,
955 4062 979 4124 2,
996 4062 1082 4117 8-16

387 4261 406 4316 θ
432 4260 449 4330 ἢ
471 4264 630 4332 μονογενὴς
655 4259 724 4326 θεδς
751 4264 797 4315 stt.
824 4262 870 4317 Mo
911 4262 915 4326 Ι
956 4259 1216 4332 θπροηγοῦμενον
1242 4264 1315 4319 Soer.
1342 4264 1347 4328 Ι
1381 4263 1419 4318 11
1447 4258 1509 4327 νίδς
1538 4264 1611 4317 Soet.

303 4363 306 4429 ί
343 4362 380 4417 12
410 4356 459 4416 ἂνῑ
476 4372 509 4420 <
527 4363 599 4418 Socr.
627 4364 631 4428 Ι
657 4360 727 4431 υίὸς]
746 4368 778 4425 -1-
796 4369 848 4417 τοῦ
869 4362 941 4417 Socr.
968 4363 973 4429 Ι
998 4368 1125 4432 γενητῶν
1147 4363 1221 4418 Soet.
1248 4365 1252 4433 Ι
1280 4364 1319 4419 14
1337 4360 1369 4430 ἐξ
1385 4361 1474 4419 αὐτοῦ
1496 4358 1547 4419 ότε
1568 4362 1611 4432 δη]

304 4458 320 4515 ὁ
341 4459 372 4527 ἐξ
390 4460 477 4518 αἰτοῦ
494 4458 534 4528 ὼς
551 4457 601 4519 ι’ίτε
620 4464 693 4517 Soet.
719 4465 724 4531 1
753 4464 790 4519 15
809 4461 934 4532 εἰκότως]
954 4471 986 4527 ÷
1009 4459 1045 4518 ἂν
1063 4464 1135 4519 Soet.
1162 4465 1167 4530 Ι
1194 4460 1230 4519 ἂν
1248 4473 1281 4524 <
1299 4465 1372 4519 Socr.
1399 4466 1403 4532 1
1432 4466 1470 4521 1ss
1486 4461 1612 4536 γένοιτο]

302 4565 350 4616 καί
369 4565 441 4616 Socr.
468 4566 472 4627 Ι
500 4561 735 4633 11ῆτδὸοοτ.1
762 4563 799 4619 18
822 4559 890 4623 δ<
907 4565 980 4620 Socr.
1007 4566 1011 4631 Ι
1040 4565 1079 4621 Ιθ
1108 4563 1141 4621 οὐ
1158 4566 1230 4621 Socr.
1257 4568 1262 4633 Ι
1289 4563 1377 4620 αἰτοῦ
1393 4565 1467 4624 Soet.
1485 4562 1611 4622 αῦτδν11

306 4708 309 4717 .
339 4664 378 4719 28
396 4661 521 4736 εὑρίσκοι
539 4664 611 4719 Socr.
630 4661 751 4735 εὑρίσκει
771 4666 795 4718 V
822 4668 826 4732 Ι
852 4663 1013 4737 εἰρημένον]
1038 4669 1066 4733 -1-
1089 4665 1122 4721 τδ
1141 4666 1214 4721 Socr.
