3698 5510
626 485 661 541 (1ο
677 485 863 541 ecclesiastica
879 486 1021 557 theologia
1037 486 1076 540 ΙΙΙ
1094 488 1119 542 2.
1468 498 1526 560 143

213 645 431 736 κοινωφελής
451 654 507 720 καὶ
533 646 703 740 σωτήριος
728 654 953 738 καθέστηκεν,
984 647 1025 721 τό
1055 654 1215 738 μέγιστον
1236 660 1293 722 καί
1316 651 1527 741 τιμιώτατον

214 753 328 837 κτῆμα
350 748 567 839 τοῦπατρὸς
589 745 752 839 ὑπάρχων
774 777 812 819 τε
833 753 889 819 καὶ
912 743 1161 838 ὠνομασμένος.
1198 746 1276 822 οῦδὲ
1297 750 1362 840 γὰρ
1384 749 1470 823 ἄλλο
1493 781 1527 822 τι

213 843 340 936 γένοιτ’
362 845 406 919 άν
426 856 531 938 πατρὶ
553 852 628 920 υίοῦ
650 847 853 937 τιμιοότερον
873 854 993 938 κτῆμα.
1030 852 1131 921 ἐνθεν
1146 855 1201 921 καὶ
1217 844 1236 921 ό
1251 845 1526 937 πρωτόπλαστος

213 943 313 1035 Ἀδάμ
336 940 395 1019 ότε
417 946 481 1019 τόν
504 952 541 1020 ἐν
563 944 765 1039 ἀνθρώποις
786 955 930 1035 πρῶτον
952 947 1028 1019 υίόν
1050 946 1227 1039 ἐκτήσατο,
1251 954 1374 1039 ἐλέχθη
1396 957 1452 1022 καὶ
1472 947 1524 1020 ἐπ’

176 1060 195 1112 5
213 1051 333 1136 ἐκείνῳ
368 1045 578 1138 »ἐκτησάμην
608 1047 802 1149 ἄνθρωπον
823 1045 877 1118 διά
899 1053 962 1117 τοῦ
983 1054 1097 1131 θεσῦι,
1129 1055 1189 1138 τῆς
1210 1045 1382 1138 Ἑβραϊκῆς
1404 1054 1525 1138 φωνῆς

212 1143 290 1218 άντὶ
312 1153 376 1218 τοῦ
409 1144 634 1238 »ἐκτησάμηνι
659 1158 795 1219 κανιθει
815 1144 1045 1237 περιεχούσης·
1075 1147 1116 1220 τό
1148 1155 1184 1221 δὲ
1209 1146 1411 1239 »ἐκτῆσατοι
1436 1162 1525 1224 ἴαίῖᾱ
1541 1158 1576 1215 22

210 1241 292 1332 παρ’
313 1240 476 1335 Ἑβραίοις
497 1250 709 1334 ἐκφωνεῖται.
745 1241 857 1330 οῦτως
878 1239 941 1319 οῦν
962 1250 1018 1319 ἐπὶ
1040 1256 1102 1319 τοῦ
1123 1244 1267 1340 Ἁβραάμ
1289 1254 1417 1339 εἴρηται
1443 1249 1524 1322 »τόν

212 1342 337 1435 άγρὸνι
370 1339 430 1416 νῦν
450 1343 618 1436 ἐκτήσατο
639 1342 817 1435 Ἀβραάμι,
841 1341 920 1418 άνθ>
943 1338 984 1419 οῦ
1007 1345 1048 1418 τό
1068 1343 1242 1437 Ἑβραῖκόν
1268 1362 1354 1420 κα“““να
1376 1355 1527 1439 περιέχει,

213 1452 275 1536 τῆς
299 1442 404 1535 αῦτῆς
426 1451 549 1532 λέξεως
569 1452 723 1537 κειμένης
743 1441 824 1535 παρ’
845 1441 1007 1537 Ἑβραίοις
1027 1455 1084 1518 καί
1106 1451 1143 1519 ἐν
1166 1454 1216 1538 τῷ
1243 1447 1375 1537 »κύριος
1396 1452 1526 1521 ἐκτισέν

158 1558 196 1614 10
212 1574 253 1637 με
275 1540 384 1634 άρχῆν
404 1539 498 1617 όδιῦν
520 1541 627 1618 αῦτοῦ
648 1552 695 1628 εἰς
716 1548 796 1636 ἔργα
818 1542 954 1618 αῦτοῦι.
996 1554 1052 1616 καὶ
1082 1550 1235 1619 ἐνταῦθα
1256 1549 1319 1640 γάρ
1339 1555 1395 1623 77*
1422 1555 1526 1639 κειμέ·

212 1675 274 1735 νης
296 1649 358 1733 τῆς
379 1654 472 1714 W
491 1651 622 1732 λέξεως,
647 1645 687 1718 τό
712 1643 915 1736 »ἐκτῆσατοι
937 1642 1064 1728 πάντες
1085 1647 1281 1736 συμφώνως
1300 1649 1525 1721 ἐκδεδιόκασιν

211 1750 245 1818 σί
273 1746 483 1836 ἑρμηνευταί·
512 1744 554 1817 τό
585 1752 622 1816 δέ
655 1745 821 1817 ιέκτισενι
855 1752 1104 1833 παραλέλεκται
1135 1744 1215 1834 παρ’
1237 1743 1407 1837 Ἑβραίοις,
1440 1741 1524 1837 ὅπερ
1542 1757 1575 1812 23

211 1842 254 1917 οῦ
274 1864 383 1917 κειται
405 1849 459 1917 ἐπί
482 1851 543 1935 τῆς
563 1852 786 1934 προκειμένης
812 1851 950 1935 γραφῆς.
993 1853 1136 1935 πλείστη
1168 1844 1201 1918 δ’
1224 1846 1268 1919 ἂν
1298 1854 1434 1937 γένοιτο
1461 1855 1526 1921 τοῦ

214 1950 384 2019 »ἐκτισενι
408 1950 549 2016 καὶτοῦ
574 1941 778 2034 εέκτήσατοι
803 1944 952 2032 διαφορά
975 1953 1026 2035 τῷ
1054 1945 1119 2036 τήν
1140 1954 1203 2037 μὲν
1224 1956 1336 2019 κτίσιν
1356 1947 1445 2020 κατὰ
1461 1947 1526 2036 τήν

157 2063 194 2115 15
210 2052 415 2134 κοινοτέραν
445 2040 599 2117 διάνοιαν
630 2044 696 2134 τήν
725 2050 762 2117 ἐκ
793 2052 855 2117 τοῦ
884 2045 929 2135 μή
960 2038 1064 2129 ὄντος
1094 2050 1141 2129 εἰς
1173 2045 1215 2118 τό
1252 2049 1336 2121 εἶναι
1371 2045 1527 2138 πάροδον

212 2153 400 2235 σημαίνειν,
432 2143 497 2235 τήν
524 2150 558 2216 δέ
580 2150 701 2233 κτῆσιν
723 2151 786 2216 τοῦ
806 2144 1090 2235 προϋπάρχοντος
1113 2143 1306 2233 ἰδιάζουσαν
1327 2145 1523 2237 οἰκειότητα

210 2248 298 2333 πρός
329 2243 394 2317 τόν
423 2244 611 2335 κτοόμενον.
642 2250 774 2333 ,λέγων
803 2253 922 2318 τοίνυν
953 2242 973 2318 ό
1003 2245 1075 2330 υίὸς
1105 2253 1168 2318 τοῦ
1198 2254 1284 2320 θεοῦ
1315 2246 1356 2320 τό
1390 2248 1523 2336 »κύριος
1540 2253 1575 2307 24

211 2342 378 2435 ἐκτήσατο
400 2373 440 2433 με
461 2341 569 2434 άρχήν
590 2340 683 2416 όδῶν
698 2340 804 2416 αῦτοῦ
822 2350 869 2428 εἰς
885 2348 963 2435 ἔργα
978 2342 1114 2429 αῦτοῦι,
1137 2341 1223 2435 όμοῦ
1243 2355 1300 2419 καί
1316 2347 1380 2437 τήν
1394 2345 1524 2435 προῦπ-

211 2458 308 2534 αρξιν
330 2441 437 2516 αῦτοῦ
458 2441 581 2534 ἐδήλου
605 2452 660 2515 καὶ
684 2443 749 2533 τήν
772 2441 965 2531 ἰδιάζουσαν
984 2443 1070 2534 πρὸς
1085 2444 1149 2517 τὸν
1163 2454 1295 2535 πατέρα
1318 2445 1523 2537 οἰκειότητα,

157 2558 194 2613 20
211 2539 299 2634 όμοῦ
320 2550 377 2616 καὶ
399 2541 440 2615 τό
461 2541 634 2632 χρήσιμον
658 2552 715 2615 καὶ
741 2539 926 2633 άναχκαίον
957 2550 1017 2633 τῆς
1044 2550 1169 2628 οἰκείας
1198 2552 1274 2635 περὶ
1305 2545 1349 2618 τά
1379 2554 1524 2637 πατρῴα
1544 2553 1602 2609 154

212 2650 291 2735 ἐρχα
313 2652 479 2732 προνοίας
501 2673 538 2715 τε
560 2651 615 2714 καί
637 2640 842 2733 διοικήσεως.
885 2641 938 2714 διὸ
962 2644 1036 2733 ἑξῆς
1057 2641 1173 2734 ἐπάχει
1201 2646 1286 2735 »πρὸ
1312 2651 1376 2716 τοῦ
1397 2652 1524 2728 αἰῶνος
1541 2654 1575 2709 25

211 2749 438 2834 ἐθεμελίωσέν
458 2772 508 2834 με,
530 2747 567 2814 ἐν
589 2737 673 2832 άρχῆ
688 2740 755 2831 πρό
777 2748 841 2812 τοῦ
856 2741 920 2832 τήν
934 2749 998 2833 γῆν
1011 2750 1159 2833 ποιῆσαι,
1178 2746 1246 2833 πρό
1263 2751 1326 2816 τοῦ
1340 2753 1524 2833 προελθεῖν

213 2844 274 2928 τάς
295 2842 407 2934 πηγάς
430 2850 503 2914 τῶν
523 2839 674 2927 ῦδάτων,
705 2841 773 2929 πρὸ
801 2848 863 2914 τοῦ
890 2835 951 2933 όρη
979 2844 1198 2933 ἑδρασθῆναι,
1229 2844 1297 2932 πρὸ
1324 2851 1360 2918 δέ
1381 2842 1525 2916 πάντων

213 2952 352 3028 βουνιῦν
374 2949 475 3036 γεννᾷ
496 2966 570 3033 μετ’
592 2938 634 3013 δι’
658 2934 709 3012 τόν
731 2938 898 3014 ἁπάντων
921 2941 961 3025 τὸ
984 2945 1019 3029 ἐξ
1041 2938 1147 3015 αὐτοῦ
1162 2952 1334 3028 λυσιτελὲς
1346 2950 1402 3015 καὶ
1424 2941 1526 3033 άναχ·

159 3057 195 3110 25
213 3064 312 3116 καῖον
335 3061 406 3127 τοίς
427 3048 531 3115 πᾶσιν
552 3047 775 3127 ἐνδείκνυται,
803 3035 858 3113 ότι
880 3069 917 3112 τε
940 3034 983 3129 ῆν
1003 3048 1060 3113 καί
1080 3050 1194 3133 προῆν
1214 3051 1270 3116 καὶ
1293 3051 1356 3115 τοῦ
1379 3041 1526 3133 σόμπαν·

215 3173 276 3228 τος
297 3140 428 3233 κόσμου
448 3147 666 3232 προῦπῆρχέν
689 3170 725 3212 τε
746 3149 803 3213 καί
824 3152 1010 3231 καθηχεῖτο
1027 3138 1221 3232 ἀναγκαίως
1236 3141 1415 3215 διδάσκων.
1445 3150 1526 3211 Μω-

215 3250 301 3327 σέως
336 3241 399 3332 γάρ
436 3246 474 3312 ἐν
508 3249 552 3330 τῆ
581 3247 785 3332 κοσμοποιίᾳ
815 3248 889 3312 τῶν
918 3248 980 3329 μὲν
1015 3239 1253 3331 ῦπερκοσμίων
1289 3250 1344 3313 καὶ
1381 3238 1527 3329 άφανοῦν

215 3339 390 3433 δυνάμεων
413 3348 575 3432 μηδεμίαν
596 3337 731 3430 μνήμην
751 3346 983 3430 πεποιημένου
1004 3340 1058 3413 διὰ
1074 3339 1115 3412 τό
1131 3335 1249 3423 άτελές
1263 3350 1339 3413 τῶν
1354 3337 1401 3412 δι’
1421 3336 1527 3411 αῦτοῦ

215 3447 557 3532 παιδαγωγουμένων,
580 3446 644 3512 τοῦ
658 3442 695 3509 δέ
709 3434 837 3529 ὁρατοῦ
858 3437 987 3530 κόσμου
1011 3440 1077 3530 τήν
1098 3439 1256 3512 σύστασιν
1279 3438 1525 3526 διεξελθόντος,

163 3554 198 3608 30
214 3539 394 3629 τεττάρων
414 3570 451 3613 τε
474 3548 651 3629 στοιχείων
677 3543 714 3609 ἐν
745 3534 829 3626 άρχῆ
858 3538 1169 3629 μνημονεῦσαντος,
1202 3535 1350 3628 οὐρανοῦ
1379 3546 1436 3610 καὶ
1466 3543 1526 3627 γῆς

214 3652 269 3714 καὶ
301 3638 447 3728 άβόσσου
476 3646 531 3713 καί
561 3633 700 3722 ῦδατος,
736 3643 791 3707 καὶ
822 3636 882 3710 δύο
913 3645 974 3729 μέν
1003 3647 1213 3729 πεποιῆσθαι
1243 3637 1311 3712 όπὸ
1343 3645 1406 3710 τοῦ
1440 3644 1526 3710 θεοῦ

216 3739 392 3834 εἰρηκότος
414 3745 485 3829 (ιέν
508 3734 608 3829 άρχῆι
633 3735 695 3827 γάρ
719 3761 823 3826 φησιν
855 3741 1031 3828 »ἐποίησεν
1058 3734 1076 3809 ό
1103 3737 1187 3824 θεός
1214 3738 1277 3811 τόν
1300 3735 1449 3827 οὐρανόν
1470 3744 1526 3807 καὶ

216 3843 282 3933 τήν
303 3846 415 3931 γῆνι),
448 3836 561 3912 οόκέτι
591 3843 628 3908 δέ
659 3833 784 3928 ὁμοίως
809 3843 865 3909 καὶ
891 3842 947 3909 ἐπὶ
972 3845 1037 3910 τοῦ
1065 3834 1191 3920 ὕδατος
1216 3846 1271 3909 καὶ
1298 3843 1360 3927 τῆς
1381 3834 1527 3920 άβόσσου

216 3947 430 4032 μνησθέντος
461 3935 509 4023 σός
536 3937 600 4028 ἄρα
627 3942 755 4027 εἴηκαὶ
785 3943 893 4008 ταῦτα
923 3935 1061 4027 γενητά,
1093 3934 1167 4011 ἀλλ’
1199 3934 1320 4022 άπλῶς
1350 3934 1527 4027 εἰρηκότος

164 4049 198 4104 35
221 4049 293 4112 »καί
314 4035 438 4122 σκότος
460 4034 576 4110 ἐπάνω
599 4043 661 4126 τῆς
684 4033 841 4122 άβόσσου·
863 4046 919 4108 καὶ
940 4043 1072 4124 πνεῦμα
1095 4043 1181 4109 θεοῦ
1202 4042 1385 4124 ἐπεφέρετο
1408 4032 1526 4107 ἐπάνω

302 4211 343 4268 51
357 4211 425 4265 Gen.
443 4212 468 4276 4,
487 4213 502 4264 l
520 4237 554 4248 -
579 4209 593 4263 ’ί
615 4208 682 4264 Gen.
695 4208 737 4275 25,
756 4209 789 4263 10
809 4237 843 4247 -
861 4208 881 4264 θ
900 4207 979 4263 Prov.
997 4208 1021 4276 8,
1040 4209 1074 4263 22
1089 4235 1124 4247 -
1153 4207 1306 4263 111Ρτον.
1324 4208 1349 4272 8,
1366 4208 1400 4261 22
1425 4235 1460 4246 ·-
1486 4204 1527 4260 14

217 4313 339 4375 Prov.8,
361 4312 396 4368 22
415 4340 450 4350 -
478 4309 514 4365 17
543 4308 623 4363 Prov.
641 4309 667 4374 8,
683 4310 718 4363 22
743 4338 778 4349 -
800 4309 838 4364 21
866 4308 947 4364 Prov.
965 4310 990 4372 8,
1008 4309 1042 4364 23
1067 4337 1101 4348 -
1127 4307 1196 4364 2811
1219 4308 1274 4378 vgl.
1300 4307 1326 4363 S.
1344 4308 1407 4373 127,
1425 4308 1467 4363 11.
1484 4307 1526 4362 28.

218 4415 275 4480 152,
292 4416 309 4471 5
328 4442 361 4453 -
379 4412 418 4467 82
437 4411 504 4466 Gen.
523 4414 547 4478 1,
565 4414 579 4466 1
599 4439 632 4448 -
650 4409 690 4467 85
708 4410 775 4465 Gen.
794 4412 818 4477 1,
836 4412 852 4464 2

306 4564 344 4620 18
363 4556 472 4620 ἔκτισεν
482 4560 514 4626 V,
532 4578 599 4616 corr.
615 4559 669 4616 We
693 4562 697 4629 Ι
719 4560 757 4616 22
776 4560 903 4630 ποιῆσαι]
915 4566 948 4624 -ί-
959 4560 1008 4615 καί
1025 4557 1082 4629 πρὸ
1100 4566 1152 4615 τοῦ
1168 4558 1220 4626 τὰς
1237 4556 1377 4633 ἀβίαστος
1388 4557 1527 4628 ποιῆσαιί

219 4662 681 4737 τ31.τ.Β.8.138,21.144,4ί
709 4663 714 4729 Ι
746 4662 786 4717 84
804 4659 920 4732 γένηται
937 4662 978 4716 V*
996 4657 1118 4730 γεννητά
1137 4661 1175 4715 V²
