3698 5510
551 470 586 525 de
603 470 790 527 ecclesiastica
805 469 948 541 theologia
964 470 990 523 II
1008 470 1117 526 10-12.
1430 477 1489 542 113

242 636 314 721 (Nr.
329 639 382 720 46)
405 626 425 702 6
447 637 484 703 δὲ
506 628 595 723 ἱερός
617 629 810 717 ἀπόστολός
825 663 861 705 τε
880 640 936 704 καί
951 630 1107 723 μαθητὴς
1122 638 1186 704 τοῦ
1199 637 1317 720 κυρίου
1331 629 1490 723 Ἰωάννης

241 740 363 820 σαφῶς
392 737 482 820 <καί>
512 729 697 824 διαρρήδην
727 738 766 806 ἐν
788 730 872 823 ἀρχῇ
903 739 967 804 τοῦ
988 728 1195 822 Εάαγγελίου
1226 731 1409 819 διδάσκων,
1441 732 1489 819 ῶς

240 826 475 923 ἀγνοούμενον
495 835 534 903 ἐν
555 827 756 922 ἀνθρώποις
777 830 961 922 πρότερον,
992 829 1100 921 λόγον
1130 829 1238 906 αότόν
1268 839 1331 903 τοῦ
1360 862 1488 907 παντο-

239 928 412 1022 κράτορος
434 926 623 1019 ὀνομάζων,
646 925 760 1017 οῦτως
781 934 846 1021 ἔφη
872 937 927 1004 »ἐν
947 928 1031 1021 ἀρχῇ
1054 924 1097 1022 ἦν
1112 927 1130 1004 6
1147 930 1258 1023 λόγος,
1280 940 1337 1003 καί
1351 928 1370 1004 6
1386 930 1489 1023 λόγος

133 1047 148 1101 ο
240 1023 287 1121 ἦν
307 1028 395 1120 πρὸς
416 1030 479 1103 τόν
501 1029 596 1116 θεόν,
618 1039 675 1103 καὶ
696 1031 778 1115 θεὸς
800 1024 844 1122 ἢν
865 1028 884 1104 6
907 1029 1039 1120 λόγοςι.
1076 1028 1117 1104 οῦ
1137 1039 1196 1125 μιᾷ
1217 1039 1383 1125 μαρτυρίᾳ
1403 1033 1489 1123 χρῶ·

238 1159 344 1220 μενος
366 1130 431 1220 τὴν
453 1126 630 1220 ἀιδιότητα
652 1137 803 1223 σημαίνει
825 1139 888 1203 τοῦ
910 1127 1022 1221 λόγου.

176 1235 230 1302 καί
251 1227 360 1303 πόλιν
382 1237 486 1321 φησίν
1505 1259 1523 1312 4

239 1333 314 1417 (Nr.
336 1338 389 1417 48>
421 1337 531 1419 τρισίν
563 1328 767 1422 ἐπαλλήλοις
796 1339 993 1421 μαρτυρίαις
1017 1330 1193 1421 χριόμενος
1218 1330 1284 1422 τὴν
1310 1327 1489 1423 ἀιδιότητα

80 1504 84 1513 ,
239 1435 308 1501 τοῦ
329 1428 435 1519 λόγου
457 1428 627 1502 δεικνύναι
648 1429 815 1516 βούλεται

132 1550 162 1605 10
175 1535 231 1599 καί
253 1520 358 1611 αὖθις
378 1532 524 1701 ἐπιλέγει

238 1631 313 1717 (Nr.
335 1626 454 1719 47)ί’ν’
473 1633 511 1701 ν
531 1636 572 1721 μ
574 1660 593 1703 ν
615 1637 666 1719 τῷ
690 1653 796 1751 φησαι
821 1626 919 1701 »ἐν’
898 1655 982 1750 αρχη
998 1620 1041 1719 ἦν
1057 1658 1076 1701 ο
1066 1623 1212 1719 “λόγοςι
1238 1635 1328 1718 δείξῃ
1350 1627 1490 1720 δυνάμει

237 1731 277 1800 ἐν
303 1735 354 1819 τῷ
375 1736 481 1819 πατρί
503 1728 647 1801 εἶναι
611 1758 675 1801 τον
697 1727 802 1819 λόγον
817 1725 914 1818 (ἀρχὴ
936 1728 999 1819 γὰρ
1021 1723 1189 1801 ἀπόντων
1204 1737 1279 1800 τῶν
1292 1727 1490 1851 γεγονότορν

237 1823 258 1900 6
282 1828 366 1912 θεὸς
391 1821 505 1916 »ἐξ
467 1859 507 1900 ου
529 1829 573 1901 τὰ
593 1826 757 1918 πόντοι),
788 1833 826 1900 ἐν
853 1833 888 1899 δὲ
910 1834 962 1918 τῷ
988 1823 1103 1901 »καί
1083 1858 1103 1900 ο
1125 1826 1228 1918 λόγος
1250 1820 1293 1918 ἦν
1315 1828 1402 1918 πρός
1425 1829 1489 1903 τόν

237 1927 347 2001 θεόνι
377 1937 383 2013 Ι
410 1932 559 2023 ἐνεργείᾳ
580 1927 667 2018 πρὸς
688 1927 752 2000 τόν
773 1925 859 2000 θεόν
880 1929 967 2000 εἶναι
988 1927 1052 2001 τόν
1074 1926 1179 2017 λόγον
1198 1926 1344 2015 (επόντα
1366 1928 1429 2020 γὰρ
1445 1928 1486 2003 δι’
1505 1944 1536 2013 οι
1552 1942 1609 2000 119

236 2023 349 2099 αῦτοῦ
369 2032 513 2115 ἐγένετο,
535 2035 591 2100 καί
612 2035 715 2117 χοορίς
738 2024 844 2098 αὐτοῦ
866 2032 1000 2117 ἐγένετο
1022 2033 1078 2102 67¹
1100 2026 1178 2101 οῦδὲ
1201 2030 1284 2115 ἕνα),
1316 2033 1353 2100 ἐν
1376 2036 1412 2101 δὲ
1434 2038 1486 2122 τῷ

237 2125 329 2199 θεὸν
350 2128 437 2199 είναι
459 2126 522 2200 τόν
544 2125 649 2218 λόγον
671 2133 838 2216 εἰρηκέναι
860 2125 904 2217 μὴ
927 2133 1067 2217 διαιρεῖν
1089 2127 1154 2217 τὴν
1176 2124 1354 2218 θεότητα,
1373 2129 1486 2219 ἐπειδὴ

236 2221 257 2298 6
285 2222 386 2315 λόγος
408 2256 446 2299 τε
468 2232 506 2300 ἐν
528 2224 624 2317 αὐτῷ
646 2235 702 2298 καὶ
724 2223 827 2311 αὐτὸς
848 2230 887 2297 ἐν
905 2224 1078 2318 τῷλόγῳ·
1111 2231 1167 2298 »ἐν
1181 2232 1272 2317 ἐμοίι
1297 2224 1360 2318 γόρ
1383 2254 1488 2320 φησιν

239 2320 283 2398 »6
304 2324 428 2417 ιιατὴρ,
450 2323 543 2416 κάγῶ
567 2331 604 2399 ἐν
626 2335 677 2418 τῷ
700 2334 834 2416 πατρίι.

175 2423 229 2497 διὰ
253 2422 438 2498 τοσοῦτοον
459 2424 659 2514 Μάρκελλος
684 2425 750 2516 τὴν
774 2421 963 2498 ὑπόστασιν
994 2431 1058 2497 τοῦ
1086 2433 1293 2515 μονογενοῦς
1323 2430 1398 2499 υίοῦ
1424 2434 1488 2500 τοῦ

128 2543 159 2598 20
174 2532 261 2599 θεοῦ
291 2521 452 2614 ἀναιρῶν,
483 2524 547 2598 τόν
576 2536 675 2599 θεῖον
696 2522 936 2649 εόαγγελιστὴν
958 2529 1019 2614 τῆς
1041 2526 1165 2596 ἑαυτοῦ
1185 2531 1386 2613 κακοδοξίας
1405 2555 1488 2615 μαρ·

174 2622 332 2713 τόρεται,
366 2622 414 2708 ῶς
445 2620 544 2697 οῦδὲν
575 2626 692 2715 ἕτερον
723 2623 830 2698 αὐτὸν
859 2620 1135 2714 ίιιιστόμενον
1113 2652 1134 2712 η
1165 2621 1283 2713 λόγον,
1316 2631 1402 2698 ποτε
1423 2633 1486 2716 μὲν

174 2727 384 2815 ἐνεργοῦντα
406 2724 531 2797 ἄλλοτε
553 2730 590 2796 δὲ
611 2722 821 2815 ἡσυχάζοντα
843 2727 882 2795 ἐν
902 2730 954 2815 τῷ
976 2731 1050 2816 θεῷ
1073 2731 1129 2795 καί
1151 2720 1251 2796 οὐδὲν
1265 2718 1419 2815 ἕτερον’
1399 2753 1485 2798 οντα

173 2817 196 2912 6
218 2821 331 2895 αὐτόν
352 2822 417 2896 τόν
438 2820 532 2897 θεόν.

258 2929 303 2997 12
328 2918 490 2996 καίων’
470 2951 490 2995 ο
520 2929 621 3013 μέγας
651 2920 907 3044 εῦμγγελιοτὴς
916 2915 984 3013 όμα
1012 2930 1068 2995 καί
1098 2919 1265 3011 θεολόγος
1294 2928 1462 3013 τρίτονί
1464 2953 1485 2995 ν
1503 2939 1600 3002 θτι
1586 2965 1602 3015 6
1630 2942 1670 3014 ὼς

127 3042 158 3099 25
174 3019 296 3114 ταῦτῷ
318 3021 549 3114 μνημονεύσας
570 3028 633 3095 τοῦ
630 3020 771 3144 λόγου,
792 3014 907 3095 066⁰
886 3034 977 3109 αιιαξ
998 3027 1130 3113 είρηιιεν
1149 3019 1257 3095 αὐτόν
1270 3031 1356 3095 θεοῦ
1370 3021 1485 3148 λόγον.
1469 3081 1536 3148 ,Μ
1540 2966 1636 3153 ἕίκῧ

174 3119 309 3212 οῦγάρ
330 3124 474 3195 clm}
475 3150 495 3193 ν
517 3117 601 3211 ἀρχῇ
623 3114 666 3213 ἧν
688 3119 707 3194 6
730 3130 795 3195 τοῦ
815 3128 900 3194 θεοῦ
921 3118 1031 3212 λόγος,
1054 3118 1128 3195 ἀλλ’
1144 3119 1314 3212 ἀορίστως
1331 3121 1422 3195 τίν’
1401 3134 1485 3214 αρχῇ
1503 3080 1671 3220 ιαεόαγγῗ.

174 3214 218 3312 ἦν
248 3217 271 3294 6
286 3218 774 3344 λόγοςτ,ἡμ1νιιαταλιιιοόν
796 3232 910 3309 ζητεῖν
931 3216 1051 3304 ὁποῖος
1072 3213 1116 3312 ἦν
1144 3218 1253 3309 λόγος.
1296 3231 1352 3293 καί
1380 3222 1485 3296 πόλιν
1503 3218 1596 3286 λ’πίί
1620 3219 1670 3304 ίί,

177 3317 296 3394 »καὶ
277 3351 297 3393 ο
319 3317 422 3411 λόγος
443 3312 487 3411 ἦν
508 3319 594 3411 πρὸς
615 3319 679 3394 τὸν
700 3320 803 3394 θεόνι
821 3322 915 3392 είιιεν
929 3318 1115 3411 δυνάμενος
1129 3327 1246 3393 εἰπεῖν
1268 3317 1364 3394 καί
1345 3353 1364 3393 ο
1384 3321 1486 3446 λόγος
1503 3287 1669 3423 γῗεεότοῖζ.

175 3428 240 3495 τοῦ
268 3428 354 3495 θεοῦ
370 3413 447 3544 3‘66
449 3425 487 3493 ἐν
508 3428 561 3512 τῷ
583 3428 664 3512 θεῷ.
699 3416 787 3493 ἀλλὰ
816 3429 872 3493 καί
906 3426 1011 3509 κκαί)
1041 3420 1124 3504 θεὸς
1145 3412 1190 3510 ἦν
1211 3415 1230 3492 6
1253 3417 1372 3510 λόγος(
1398 3418 1485 3512 οάχί
1503 3371 1606 3489 aoylav
1616 3418 1672 3487 6-

128 3540 160 3596 ἃ)
174 3528 232 3594 καί
256 3513 382 3600 θεοῦ
364 3550 406 3612 ην
429 3516 447 3593 6
470 3493 586 3610 λόγός,
617 3492 696 3611 666,
727 3524 783 3591 ίνα
809 3521 858 3643 μὴ
881 3527 944 3592 τοῦ
965 3525 1050 3593 θεοῦ
1071 3518 1241 3610 ἐνίργειόν
1262 3548 1340 3591 τινα
1362 3545 1486 3611 σημαν·
1546 3490 1625 3545 θεω

176 3617 281 3711 τικήν
303 3649 399 3704 τινος
419 3616 442 3711 6
463 3618 647 3711 ποιητικὴν
669 3621 755 3692 εἶναι
776 3617 883 3692 αὐτόν
904 3616 1137 3710 ῦπολόβωμεν.
1181 3613 1199 3692 6
1222 3619 1262 3710 δὴ
1285 3618 1519 3710 Μόρκελλος2

177 3726 310 3810 οίηθελς
332 3717 442 3793 ἀίδιον
467 3722 554 3792 εἶναι
585 3717 692 3791 αὐτόν
722 3725 786 3791 τοῦ
815 3726 901 3791 θεοῦ
930 3714 1049 3809 λόγον,
1080 3725 1259 3794 τουτέστιν
1290 3717 1486 3810 ἀγέννητον,

175 3815 347 3902 πολλάκις
376 3815 540 3909 ῶρίσατο·
578 3815 619 3893 οῦ
648 3826 803 3909 συνορῶν
833 3812 889 3890 ότι
918 3823 947 3891 εί
976 3826 1038 3909 μὲν
1068 3821 1186 3909 ἕτερον
1217 3825 1280 3892 τοῦ
1309 3825 1394 3892 θεοῦ
1424 3819 1488 3892 τόν

177 3916 287 4009 λόγον
308 3916 434 4007 φάσκοι
456 3917 516 3992 δῦο
539 3921 632 3991 ἔσται
654 3914 744 3991 ἀίδια
765 3913 797 4007 (6
819 3914 921 4008 λόγος
941 3925 998 3991 καί
1020 3913 1039 3990 6
1061 3916 1156 4005 θεός)
1182 3927 1238 3991 καί
1261 3915 1371 3991 οὐκέτ’
1393 3920 1493 3990 ἔσται·

267 4140 1488 4209 Moum-11Joh.1,1-1⁸1K0r.8,6-Joh.1,1-14J0h.1‚3

179 4272 214 4284 -
233 4244 274 4301 10
290 4242 352 4299 ³06
371 4246 396 4312 1,
414 4245 429 4297 1
447 4272 481 4283 -
500 4243 535 4298 17
556 4241 618 4297 Joh.
636 4242 678 4306 10,
695 4241 730 4296 38
747 4271 780 4281 -
803 4240 841 4297 21
862 4242 917 4311 vgl.
935 4241 981 4296 Nr.
999 4245 1041 4298 42.
1057 4243 1091 4298 43
1108 4259 1173 4298 usw.
1191 4271 1225 4282 -
1242 4241 1281 4298 λθ
1297 4241 1358 4298 Joh.
1377 4246 1401 4310 1,
1419 4246 1433 4298 1
1453 4271 1487 4282 -

180 4343 219 4401 28
237 4344 299 4401 Joh.
317 4348 341 4413 1,
359 4348 375 4400 1
393 4375 427 4385 -
445 4344 485 4401 2⁹
503 4344 564 4400 Joh.
583 4346 607 4406 1,
625 4348 641 4398 1
658 4372 693 4383 -
711 4343 749 4398 83
767 4343 823 4413 vgl.
841 4342 887 4398 Nr.
906 4343 940 4399 28
957 4361 983 4399 u.
1001 4349 1026 4399 δ.

266 4544 285 4602 2
311 4547 360 4602 καί
378 4544 441 4600 and.
460 4545 498 4602 st.
530 4545 536 4615 Ι
569 4540 1093 4602 Ιθθεδνοοδθῒιθῶθκαλθεδν
1109 4555 1152 4597 mr
1179 4544 1184 4612 Ι
1217 4543 1256 4599 26
1274 4543 1324 4599 καί
1342 4543 1378 4598 Κ]
1410 4546 1415 4613 l
1447 4542 1484 4599 61

180 4642 376 4720 ὑπολάβοιμεν
393 4664 422 4701 m
453 4648 458 4716 Ι
491 4646 529 4703 82
548 4643 645 4716 αίτδν]
663 4646 682 4701 L
699 4643 772 4701 τδνλ

238 4732 358 4778 Eusebius
371 4731 413 4778 lv.
1233 4730 1251 4785 8
