3698 5510
594 493 629 548 de
646 491 831 547 ecelesiastica
846 492 989 563 theologia
1005 494 1017 547 1
1037 495 1076 549 19.
1096 493 1136 549 20.
1476 497 1512 558 81

205 661 292 725 θεοῦ
313 645 356 743 ἦν
379 649 398 726 6
420 650 531 743 λόγος,
555 661 660 726 τοῦτο
681 661 743 745 μὲν
765 651 827 727 ούκ
849 658 924 745 ἔφη,
948 651 996 737 σός
1018 650 1061 725 677
1081 651 1125 744 μή
1151 682 1201 737 τις
1223 650 1330 725 αύτδν
1352 660 1403 745 τῷ
1423 653 1516 743 παρὰ

205 750 409 841 ἀνθρώποις
432 747 550 843 ὅμοιον
573 755 657 826 εἶναι
679 752 828 845 φήσειεν,
859 752 945 826 θεὸν
966 761 1002 826 δὲ
1023 752 1131 827 αὐτὸν
1153 763 1259 838 καλεῖ,
1283 753 1324 826 τὸ
1346 750 1516 842 ύπερφυὲς

204 882 270 924 του
255 858 369 940 περί
391 849 498 924 αῦτδν
519 861 737 941 θεοπρεποῦς
757 851 948 942 ἀξιώματος
969 846 1064 925 οῦτω
1087 852 1226 935 δεικνύς

291 951 327 1042 γ’.
338 952 507 1077 μεταβὰς
538 957 646 1041 δὲέφ
647 950 803 1041 ’ἑτέραν
828 957 983 1027 ἐπίνοιαν
1010 959 1071 1044 τῆς
1092 961 1168 1042 περὶ
1191 950 1297 1025 αύτου
1282 958 1517 1042 δοξολογίας
1551 969 1568 1025 2

166 1058 283 1139 ῠφῶς
305 1048 412 1124 αύτὸν
435 1050 625 1143 ω’νόμασεν,
658 1051 888 1144 προϋπάρχειν
918 1049 1024 1126 αύτὸν
1044 1059 1106 1144 τῆς
1129 1054 1371 1142 τοῦσώματος
1393 1048 1516 1174 6666·

203 1173 301 1235 φεως
315 1151 401 1223 κατὰ
416 1159 521 1226 τοῦτο
537 1149 621 1224 αύτο
609 1152 802 1241 δηλώσας,
822 1157 860 1224 ἐν
874 1154 926 1235 οἷς
940 1160 1016 1243 περὶ
1031 1182 1096 1224 του
1081 1159 1300 1239 βαπτιστοῦ
1315 1179 1419 1243 φησιν
1435 1148 1516 1223 »ούκ
1552 1165 1569 1217 3

204 1244 251 1340 ἦν
271 1249 456 1334 ἐκεῖνος
421 1280 461 1323 το
484 1260 574 1339 φοῦς,
601 1247 676 1325 ἀλλ’
699 1255 754 1324 ἵνα
775 1250 970 1373 μαρτυρήσῃ
992 1261 1068 1342 περὶ
1091 1259 1154 1325 τοῦ
1177 1249 1310 1341 φωτός,
1332 1246 1516 1340 ῦφωτίζει

202 1347 321 1422 πάντα
342 1349 545 1440 ἄνθρωπον,
574 1351 755 1442 ἐρχόμενον
775 1358 822 1435 εἰς
844 1351 907 1424 τὸν
928 1349 1063 1442 κόσμον
1106 1357 1217 1443 ἐντῷ
1239 1348 1355 1441 κόσμῳ
1378 1343 1435 1440 ἦν,
1462 1359 1517 1422 καὶ

204 1445 224 1521 6
248 1446 373 1571 κόσμος
395 1446 437 1520 δι’
460 1446 566 1524 αύτου
551 1452 736 1541 ἐγέύετο,
759 1458 821 1522 καί
852 1447 1022 1542 όκόσμος
1049 1449 1156 1524 αύτὸν
1182 1448 1245 1523 οῦκ
1266 1454 1362 1538 ἔγνω
1405 1456 1451 1532 είς
1474 1450 1517 1520 τὰ

146 1562 186 1617 10
204 1554 275 1622 ίδια
302 1557 425 1639 ηλθεν,
455 1559 512 1622 καί
539 1558 571 1624 οὶ
596 1556 676 1625 ίδιοι
698 1547 805 1623 αῦτὸν
827 1548 868 1623 06
888 1559 1112 1675 παρέλαβον(
1156 1547 1238 1644 δρᾷς
1260 1545 1357 1634 ὅπως
1379 1548 1517 1632 τούτοις
1552 1567 1570 1620 4

203 1646 249 1721 ού
271 1646 378 1738 λόγον
398 1647 515 1739 μόνον,
538 1682 587 1735 ως
609 1649 716 1724 ἐδόκει
731 1658 932 1742 Μαρκέλλῳ
954 1648 1042 1724 ἀλλὰ
1057 1660 1113 1723 καὶ
1135 1650 1221 1723 θεὸν
1243 1658 1299 1722 καὶ
1321 1656 1396 1738 φσῦς
1412 1647 1518 1770 66166

204 1745 395 1837 σόνόμασεν,
422 1747 653 1840 προϋπάρχειν
674 1780 712 1823 τε
733 1748 840 1822 αῦτόν
861 1756 1009 1839 ἐδίδαξεν
1029 1759 1085 1822 καὶ
1108 1751 1173 1822 τὸν
1194 1746 1323 1840 κόσμον
1345 1746 1388 1820 δι’
1411 1743 1518 1819 αύτοῦ

203 1857 389 1940 γεγονέναι.
433 1848 547 1938 ὥσπερ
570 1849 633 1939 γὰρ
655 1849 709 1922 διὰ
732 1858 795 1922 τοῦ
816 1857 901 1922 θεοῦ
923 1849 1027 1940 λόγου
1049 1856 1247 1971 γεγενῆσθαι
1263 1848 1306 1920 τὰ
1327 1845 1442 1921 πάντα
1462 1853 1517 1918 καὶ

207 1958 331 2038 »χωρὶς
352 1946 476 2021 αύτοῦ(
501 1956 658 2039 γενέσθαι
680 1948 780 2022 οῦδὲν
800 1949 1004 2042 προειρήκει,
1028 1945 1139 2034 ούτως
1154 1957 1209 2021 καί
1224 1949 1280 2021 διὰ
1302 1955 1366 2021 τοῦ
1387 1945 1518 2035 φωτός

149 2045 267 2121 5176«
292 2049 355 2139 γὰρ
380 2047 539 2139 »κόσμοςτ
566 2055 670 2138 φησίν
694 2046 754 2120 »δι’
777 2079 884 2122 αυτου
868 2054 1063 2140 ἐγένετο(
1096 2080 1145 2132 ως
1160 2050 1299 2122 εἶναιὶ
1319 2055 1375 2120 καὶ
1390 2074 1519 2117 τουτον
1553 2064 1570 2117 5

206 2148 250 2221 τό
273 2155 349 2236 φῶς
370 2155 426 2220 καὶ
447 2148 512 2220 τὸν
538 2149 624 2221 θεὸν
650 2145 762 2238 λόγον.
805 2156 916 2238 λε’γων
943 2156 978 2221 66
1005 2147 1046 2221 δι’
1074 2145 1181 2221 αύτοῦ
1207 2154 1407 2238 γεγενῆσθαι
1433 2151 1518 2218 ποτὲ

205 2254 269 2337 μὲν
291 2246 356 2320 τὸν
377 2243 506 2337 κόσμον
527 2253 612 2319 ποτὲ
634 2254 670 2318 δὲ
693 2247 736 2320 τὰ
756 2246 872 2322 πάντα
888 2252 928 2321 τὸ
944 2246 1148 2339 ῦπηρετικὸν
1169 2254 1231 2320 τοῦ
1253 2254 1338 2370 θεοῦ
1359 2254 1519 2335 παρίστη·

206 2373 271 2418 σιν.
314 2343 500 2436 δυνάμενος
524 2354 530 2433 Ι
551 2353 634 2435 γοῦν
661 2343 680 2419 6
703 2345 935 2472 εύαγγελιστὴς
957 2353 1076 2421 εἰπεῖν
1111 2345 1225 2420 πάντα
1247 2343 1303 2418 ύπ’
1326 2343 1432 2417 αύτου
1417 2350 1519 2434 ἐγέ
1538 2362 1578 2419 84

208 2474 304 2531 νετο,
331 2454 388 2518 καὶ
418 2437 530 2529 αῦθις
569 2453 623 2517 καὶ
654 2443 821 2537 όκόσμος
842 2443 899 2519 66'
922 2443 1029 2569 αύτοῦ
1059 2451 1208 2537 ἐγένετο,
1237 2444 1297 2566 ούχ
1327 2442 1383 2516 677'
1415 2441 1521 2516 αύτοῦ

151 2548 275 2636 ἳθέφη
296 2541 386 2618 ἀλλὰ
410 2540 471 2617 »δι’
496 2542 621 2667 αὐτοῦ(
651 2538 730 2635 [ἧν],
763 2541 847 2617 ἵν’(
828 2554 913 2668 ημῦς
941 2542 1123 2637 ἀναπέμψῃ
1150 2550 1205 2619 ἐπὶ
1233 2574 1297 2635 την
1323 2551 1399 2616 τῶν
1424 2538 1522 2615 όλων

207 2644 394 2735 ποιητικὴν
415 2651 478 2717 τοῦ
499 2643 630 2734 πατρὸς
645 2641 851 2718 αῦθεντίαν.’
869 2643 958 2719 ἀλλὰ
972 2654 1027 2717 καὶ
1044 2641 1083 2717 »6
1105 2642 1248 2735 κόσμος(
1274 2652 1378 2734 φησὶν
1396 2638 1521 2713 »αὐτὸν
1555 2655 1572 2710 6

208 2741 273 2816 οῦκ
304 2748 422 2835 ἔγνως.
466 2742 529 2815 τὸν
559 2750 594 2816 δὲ
625 2750 679 2817 ἐπὶ
710 2743 854 2817 πάντων
885 2745 968 2818 θεὸν
1001 2765 1157 2834 φυσικαῖς
1192 2750 1340 2827 ἐννοίαις
1369 2735 1519 2825 άπαντες

209 2839 436 2934 ὁμολογοῦσιν
458 2845 650 2933 ἄνθρωποι,
672 2852 730 2917 καὶ
751 2852 886 2933 πρῶτοί
908 2875 944 2936 γε
958 2842 1128 2918 Ἰουδαίων
1149 2850 1266 2928 παῖδες
1288 2849 1325 2916 ἐκ
1347 2849 1420 2914 τῶν
1435 2869 1519 2930 προ-

210 2951 370 3033 φητικῶν
393 2951 536 3035 γραφῶν
556 2944 870 3034 χειραγωγούμενοι,
893 2942 942 3028 ιύς
960 2953 1015 3018 καὶ
1035 2942 1139 3027 αύτὸς
1152 2952 1300 3032 παρίστη
1317 2939 1518 3030 Μάρκελλος

153 3059 190 3114 25
208 3048 247 3115 ἐν
271 3062 343 3126 τοῖς
365 3044 440 3134 ἑξῆς
462 3046 604 3134 προϊών.
646 3039 773 3116 ούκοῦν
795 3044 910 3133 ἐτερος
930 3037 975 3133 ἦν
995 3036 1113 3127 οὗτος,
1140 3038 1183 3115 37
1208 3040 1244 3115 »ὁ
1266 3038 1408 3132 κόσμος(
1436 3037 1516 3112 »οῦκ
1552 3058 1567 3111 7

209 3144 330 3231 ἐγνωι,
353 3141 436 3225 θεὸς
456 3152 513 3215 καὶ
534 3141 645 3232 λόγος,
672 3151 748 3231 φῶς
767 3140 931 3233 ῦπάρχων
953 3151 1069 3215 τεκαὶ
1092 3142 1341 3234 ὠνομασμένος.
1385 3148 1460 3228 φύς
1481 3147 1517 3211 δὲ

210 3239 275 3315 οῦκ
296 3241 465 3332 αἰσθητὸν
487 3238 565 3313 οῦδὲ
586 3249 722 3329 σαρκῶν
742 3237 944 3334 ὀφθαλμούς
967 3239 1094 3333 ὁμοίως
1115 3240 1201 3333 ἡλίῳ
1224 3248 1387 3329 φωτίζον.
1424 3235 1517 3311 ούτω

210 3342 274 3431 γὰρ
305 3339 348 3412 677
377 3337 485 3413 καί
465 3370 486 3431 η
516 3348 590 3412 τῶν
618 3338 755 3431 άλόγων
784 3342 885 3432 ζῴων
915 3341 1013 3430 φύσις
1043 3360 1193 3431 μετεῖχεν
1223 3336 1338 3410 αῦτοῦ.
1381 3346 1454 3408 νυνὶ
1483 3344 1519 3409 δέ

210 3439 360 3513 διδάσκει
390 3435 515 3512 ὁποῖον
545 3469 588 3529 ην
618 3448 707 3529 φῶς,
738 3448 849 3531 λέγων
883 3435 944 3532 »ἦν
975 3443 1015 3514 τὸ
1047 3448 1123 3529 φῶς
1155 3437 1195 3512 τό
1223 3444 1378 3526 φωτίζον
1405 3434 1519 3508 πάντα

154 3554 192 3611 30
210 3540 406 3627 ἄνθρωπον
426 3537 610 3629 ἐρχόμενον
632 3547 679 3623 είς
701 3539 764 3612 τὸν
785 3539 941 3632 κόσμονι.
976 3539 1086 3630 μόνον
1105 3538 1170 3626 ἄρα
1191 3530 1234 3627 ἢν
1254 3532 1456 3657 ἀνθράκων
1477 3536 1518 3608 τὸ

209 3637 352 3729 λογικὸν
374 3645 481 3711 τοῦτο
504 3647 586 3726 φιῦς
629 3637 682 3710 διὸ
704 3637 843 3729 δυνάμει
866 3667 966 3733 νοερα
949 3645 1042 3710 καί
1064 3646 1182 3730 λογικῇ
1197 3636 1258 3757 τὰς
1276 3634 1367 3707 »κατ’
1384 3634 1516 3708 είκόναι
1553 3660 1571 3715 8

211 3739 277 3829 τὴν
299 3734 406 3810 αὐτοῦ
431 3746 505 3808 »καὶ
535 3733 716 3827 ὁμοίωσιν(
749 3745 977 3829 πεποιημένας
1007 3737 1117 3831 ψυχάς
1148 3737 1267 3823 νοερὰς
1297 3743 1353 3807 καὶ
1383 3734 1520 3824 λογικὰς

210 3844 267 3959 56¹
282 3834 514 3927 ἀπειργάζετο.
558 3833 606 3920 ιύς
628 3843 663 3908 δὲ
685 3834 747 3960 οῦκ
769 3838 936 3928 αἰσθητὸν
965 3838 1147 3928 ἐτύγχανεν
1179 3844 1268 3925 φῶς,
1300 3829 1412 3917 οῦτως
1442 3831 1520 3905 οῦδὲ

211 3937 254 4011 τὸ
277 3942 433 4009 ἐπέκεινα
456 3964 530 4008 των
553 3930 655 4019 ὅλων,
679 3933 781 4020 αύτδς
803 3933 822 4008 6
844 3933 936 4021 θεός,
960 3966 1009 4027 ην.
1049 3933 1102 4008 ›6‹
1129 3938 1191 4026 γὰρ
1210 3934 1309 4016 »θεὸς
1331 3940 1407 4022 φῶς
1428 3938 1521 4004 ἐστιν

299 4156 399 4214 61011.
418 4160 442 4220 1,
459 4157 542 4212 8-11
566 4185 599 4196 -
626 4156 682 4212 131
696 4157 757 4211 Joh.
776 4160 799 4220 1,
818 4161 834 4214 3
859 4187 893 4196 -
921 4157 958 4212 15
977 4157 1038 4211 Joh.
1058 4163 1080 4223 1,
1100 4158 1133 4212 10
1150 4185 1183 4196 -
1202 4155 1237 4210 21
1259 4153 1321 4209 Joh.
1340 4157 1364 4219 1,
1383 4156 1414 4208 11
1433 4183 1466 4191 -
1485 4153 1522 4208 211

212 4258 275 4315 Joh.
296 4262 318 4325 1,
338 4261 369 4313 11
389 4287 422 4297 -
440 4257 480 4313 29
498 4258 561 4314 Joh.
580 4260 602 4324 1,
620 4260 687 4314 9-
705 4257 849 4313 τείσει.
868 4261 891 4321 1,
910 4260 943 4314 ‘26
961 4289 994 4299 -
1013 4260 1052 4315 64
1071 4260 1082 4310 1
1101 4258 1162 4312 Joh.
1182 4260 1204 4319 1,
1223 4258 1239 4309 ι’)

301 4460 317 4515 1
348 4465 388 4532 τῷ
406 4476 434 4512 m
451 4459 527 4514 τὸν
560 4460 565 4527 Ι
599 4457 738 4528 λφωτδς]
756 4465 789 4523 -1-
807 4454 841 4527 67
859 4457 892 4514 τὸ
911 4463 972 4528 φῶς
990 4458 1023 4513 τδ
1041 4454 1179 4526 ἀληθινόν
1196 4454 1263 4523 NT!
1285 4455 1322 4512 17
1342 4450 1522 4526 ὑπηρετικὸν]

213 4559 359 4633 ὑπηρέτην
375 4554 520 4624 dauwe,
539 4559 609 4614 doch
627 4558 814 4627 vgl.S.116,2
845 4560 849 4627 Ι
882 4558 923 4615 2⁰
945 4555 989 4628 ἦν]
1007 4562 1054 4613 etr.
1073 4559 1117 4623 Kl,
1137 4574 1221 4625 φησιν
1239 4554 1333 4621 Ιιοσίι;
1352 4555 1405 4609 We
1423 4555 1523 4609 nimmt

212 4664 275 4720 eine
294 4661 388 4716 Lflcke
400 4662 455 4727 καί
479 4660 516 4715 27
533 4660 657 4729 σαρκῶν]
678 4660 814 4731 οαρκικὸν
833 4657 927 4728 (0666)
945 4660 992 4714 m?
1011 4657 1184 4730 σαρκικούςθ
1205 4656 1259 4712 We
1282 4660 1287 4726 1
1310 4657 1350 4713 θθ
1366 4657 1464 4726 μδνιυν
1481 4670 1523 4710 mr

269 4747 390 4792 Eusebius
404 4744 444 4790 1v.
1296 4743 1313 4797 6
