3698 5510
562 462 597 516 do
613 462 797 518 εοολυεὶεελίοε
813 462 956 534 theologia
973 463 984 515 Ι
1003 464 1044 518 20.
1062 463 1089 517 11
1106 466 1130 519 1.
1459 471 1498 534 99

198 620 224 681 κ’
247 627 296 683 διὰ
314 629 346 684 τί
364 629 470 698 Μωσῆς
486 630 535 685 καί
554 625 582 684 οὶ
599 634 746 703 προφῆται
763 626 798 686 ού
815 636 928 701 γυμνῶς
950 629 1119 702 παρέδωκαν
1134 625 1276 695 Ἰουδαίοις
1293 631 1343 699 τὴν
1362 632 1428 702 περί
1445 638 1498 686 τοῦ

249 709 316 767 υἱοῦ
335 715 499 784 θεολογίαν.

180 793 225 853 ια’
249 794 297 853 ὅτι
317 797 336 854 ό
354 796 414 864 υίὸς
431 794 465 867 ἦν
483 805 536 854 τοῦ
552 802 624 854 θεοῦ
642 797 658 855 5
676 799 781 855 Μωσεῖ
793 801 843 855 καί
859 806 899 873 τῷ
916 794 1040 872 Ἀβραὰμ
1055 800 1239 869 χρηματίσας.

180 878 225 956 κηί
247 878 295 939 ύτι
313 885 366 939 καί
383 879 414 940 έν
431 891 492 950 τοῖς
509 886 670 956 προφήταις
687 882 732 940 διὰ
749 891 800 939 τοῦ
817 879 880 939 υίοῦ
898 881 914 938 5
932 886 1025 956 πατὴρ
1044 880 1235 955 έθεολογεῖτο.

148 969 164 1021 5
179 963 224 1037 κγ’
251 964 298 1023 ίίτι
316 970 358 1038 μὴ
376 968 425 1024 δύο
442 966 529 1035 θεούς
545 970 562 1037 ἡ
581 965 713 1036 ἐκκλησία
731 967 869 1039 κηρύττει.

179 1048 220 1105 κδ’
244 1046 330 1118 ὅπως
348 1051 518 1122 Μάρκελλος
543 1060 603 1118 τοῖς
628 1053 725 1123 λύγοις
750 1059 801 1107 τοῦ
826 1054 899 1108 θεοῦ
925 1060 985 1118 τοῖς
1007 1059 1064 1108 τῶν
1088 1042 1237 1125 πρακτέων
1260 1054 1497 1124 παραγγελτικοῖς

247 1138 303 1193 τὸν
323 1144 469 1208 μονογενῆ
485 1139 574 1208 λόγον
593 1134 752 1207 ἀφωμοίου.

178 1214 218 1276 κε’
247 1216 334 1286 ὅπως
352 1218 436 1288 αύτύς
454 1217 547 1296 ἑαυτῷ
564 1218 701 1278 τάναντία
720 1216 853 1294 ἔγραφεν.

261 1407 323 1474 62²
338 1401 463 1475 1Μετά
479 1401 540 1485 τὰς
549 1408 799 1491 παρατιθείσας
809 1408 998 1472 τῶνθείων
1013 1396 1292 1489 ἀναγνωσμάτων
1301 1408 1493 1490 μαρτυρίας,

132 1510 161 1563 10
177 1494 223 1566 δι’
249 1491 306 1570 ὧν
331 1495 386 1572 ότι
407 1502 452 1591 μὴ
473 1497 581 1591 μόνον
608 1498 711 1589 λόγος
739 1496 921 1588 ω’νόμαστο
946 1498 1014 1587 πρὸ
1042 1506 1103 1588 τῆς
1124 1498 1287 1589 ἐνοᾶρκου
1308 1509 1494 1590 παρουσίας

177 1592 294 1683 ὁυίός
325 1607 388 1672 τοῦ
413 1607 498 1673 θεοῦ
527 1607 676 1690 παρέστη
709 1597 837 1687 (ὥσπερ
868 1591 931 1670 ούν
961 1596 1070 1671 ἐδόκει
1091 1607 1294 1689 Μαρκέλλῳ)
1325 1596 1412 1673 ύλλύι
1437 1606 1492 1671 καὶ

175 1706 280 1786 μυρία
305 1700 426 1791 έτείρα,
450 1706 531 1789 φέρε
553 1699 593 1790 55
617 1698 740 1772 λοιπὸν
763 1698 804 1769 τό
827 1705 1017 1784 Σαβελλίου
1039 1697 1234 1772 είδωλον”
1205 1725 1319 1788 ωσπερ
1342 1695 1410 1769 ἀπὸ
1432 1705 1493 1790 γῆς
1511 1721 1570 1776 104

175 1794 364 1882 ύνακύψαν
394 1798 668 1891 έποπτεύσωμεν.
723 1797 910 1889 ἐτόλμησεν
945 1789 1040 1887 <οῦν>
1072 1803 1177 1870 εἰπεῖν
1208 1796 1314 1871 αὐτόν
1344 1798 1407 1870 τόν
1437 1804 1491 1870 ἐπὶ
1509 1815 1587 1941 θΣπως
1625 1825 1676 1892 την

176 1896 330 1969 πάντων
351 1896 451 1983 θεόν,
478 1897 541 1971 τόν
568 1905 699 1985 πατέρα
727 1905 790 1970 τοῦ
815 1894 975 1986 κυρίου
956 1904 1052 1987 ημοῦν
1072 1894 1178 1987 Ιησοῦ
1201 1906 1359 1986 Χριστοῦ,
1382 1926 1491 1988 γεγεν-
1509 1889 1673 2023 ξόίὲιίἱίίέῖἕ

129 2006 159 2059 15
177 2002 308 2115 νησθαι
331 2001 432 2067 ἐκ
390 2027 451 2087 της
473 1994 570 2088 ύγίας
587 2004 766 2085 παρθένου
780 2003 837 2069 καὶ
852 1993 958 2069 αύτὸν
973 2004 1195 2081 πεπονθέναι,
1217 2005 1347 2071 τοῦτον
1362 1995 1492 2087 γράψας
1543 2034 1643 2111 ,ροπο

176 2095 240 2167 τὸν
264 2095 401 2187 τρόπον

239 2202 314 2285 (Nr
341 2209 393 2283 49)
424 2205 457 2268 τί
488 2203 607 2267 τοίνυν
636 2187 680 2285 ἦν
710 2193 755 2266 τὸ
785 2195 991 2268 κατελθὸν
1020 2195 1087 2284 πρὸ
1119 2203 1182 2268 τοῦ
1211 2199 1490 2288 ένανθρωπῆοαι;

237 2295 386 2378 πάντως
400 2295 469 2368 ποῦ
491 2318 607 2385 φησιν·
628 2301 767 2384 πνεῦμα.
804 2301 833 2367 εί
854 2293 917 2386 γάρ
938 2325 972 2366 τι
993 2295 1084 2385 παρὰ
1107 2303 1211 2369 τοῦτο
1234 2303 1343 2386 λέγειν
1365 2301 1487 2382 ἐθέλοι,

239 2393 284 2467 σύ
321 2393 523 2486 συγχωρήσει
561 2390 656 2485 αύτῷ
691 2390 710 2465 5
741 2394 829 2486 πρὸς
863 2395 928 2484 τὴν
956 2401 1134 2483 παρθένον
1169 2398 1312 2486 εἰρηκώς
1348 2395 1488 2485 ἄγγελος

128 2498 159 2553 20
242 2501 395 2585 »πνεῦμα
422 2488 520 2584 όγιον
550 2493 762 2567 ἐπελεύσεται
792 2499 847 2566 ἐπὶ
878 2500 943 2566 σία.
985 2500 1015 2565 εί
1044 2500 1079 2565 δὲ
1105 2501 1236 2583 πνεῦμα
1263 2498 1348 2567 εἶναι
1379 2494 1485 2587 φήσει,

237 2589 398 2665 ἀκουέτω
420 2602 484 2668 τοῦ
506 2601 661 2685 σωτῆρος
683 2602 846 2684 λέγοντος
871 2599 1019 2682 »πνεῦμα
1041 2590 1060 2665 5
1082 2590 1193 2678 θεόςι.

175 2691 229 2763 διὰ
253 2692 396 2765 τούτων
416 2694 480 2766 τὸν
502 2703 576 2767 τῶν
598 2688 693 2767 όλων
715 2691 812 2780 θεόν,
835 2701 911 2782 περὶ
934 2685 975 2765 ού
997 2689 1015 2764 5
1039 2692 1154 2783 σωτὴρ
1176 2700 1231 2763 καὶ
1252 2692 1365 2781 κύριος
1387 2690 1485 2783 ἡμῶν
1519 2716 1535 2769 2

174 2794 328 2879 ἐδίδαξεν
349 2795 457 2865 είπών
485 2801 634 2886 »πνεῦμα
655 2789 674 2864 5
698 2790 791 2878 θεός,
823 2801 878 2864 καὶ
909 2794 989 2876 τούς
1020 2799 1298 2881 προσκυνοῦντας
1320 2791 1426 2865 αύτύν
1447 2800 1485 2867 ἐν

175 2892 345 2982 πνεύματι
379 2900 434 2964 καὶ
471 2890 615 2984 ἇληθείᾳ
645 2898 696 2965 δεῖ
724 2911 961 2981 προσκυνείνι,
994 2891 1034 2963 τό
1067 2892 1217 2965 ἐπελθὸν
1246 2900 1289 2982 τῇ
1318 2902 1483 2984 παρθένῳ

128 2995 159 3050 25
175 2998 309 3081 πνεῦμα
331 2994 416 3064 εἶναι
437 2995 522 3111 ἔφη
535 2992 693 3083 ἄντικρυς
708 2992 771 3066 τόν
786 2998 976 3078 Σαβίλλιον
991 2989 1243 3081 ἀνανεούμενος.
1279 3000 1335 3066 καὶ
1350 2996 1483 3082 προϊών
1518 3005 1534 3057 3

175 3090 260 3189 ἑξῆς,
284 3087 437 3181 ίερεμίου
459 3098 522 3164 τοῦ
542 3090 726 3212 προφήτου
747 3098 905 3182 περὶτῆς
928 3090 1484 3182 ἐνανθρωπήσεωςτοῦσωτῆρος

175 3198 296 3276 σαφῶς
318 3190 494 3287 εἰρηκότος
527 3190 628 3281 »μετὰ
659 3198 768 3309 τοῦτο
794 3195 836 3262 έπ
837 3200 849 3262 ί
810 3198 936 3280 πτῆς
957 3199 1016 3280 γῆς
1039 3189 1158 3281 ὤφθη,
1180 3199 1237 3263 καὶ
1255 3211 1327 3274 τοῖς
1350 3190 1483 3279 ἅνθρω-

174 3315 253 3373 ποις
277 3288 569 3382 συνανεστροίφηι,
600 3296 655 3365 ἐπὶ
686 3289 750 3361 τὸν
779 3298 908 3379 πατέρα
940 3288 1099 3379 ἀναφέρει
1129 3289 1170 3360 τό
1202 3286 1319 3379 λόγιον
1341 3289 1484 3377 φάσκων

175 3383 291 3471 αύτσίς
314 3387 457 3479 ῥήμασιν

126 3489 158 3545 3⁰
237 3492 308 3575 (Nr.
331 3497 383 3576 55)
414 3486 489 3562 ἆλλ
517 3493 626 3561 εοικεν
646 3494 683 3560 ἐν
714 3495 766 3578 τῷ
797 3486 889 3579 λόγῳ
920 3484 939 3559 5
966 3488 1079 3579 πατὴρ
1107 3484 1278 3571 είναι,”
1236 3517 1301 3559 κον
1323 3484 1481 3579 Ἀστερίην

234 3587 281 3677 μὴ
303 3593 386 3677 δοκῇ
407 3595 463 3660 καὶ
486 3606 558 3671 τοῖς
581 3586 689 3660 ταύτὰ
710 3592 827 3678 ἐκείνῳ
850 3594 1044 3675 φρονοῦσιν.

172 3694 227 3756 καὶ
259 3692 314 3758 έπὶ
346 3695 408 3758 τοῦ
437 3686 572 3771 πάθους
603 3695 638 3759 δὲ
670 3694 732 3759 τοῦ
757 3694 913 3778 σωτῆρος
939 3684 1068 3759 ταύτύν
1088 3706 1187 3759 ποιεῖ.
1229 3694 1395 3775 παραθεὶς
1417 3688 1479 3778 γὰρ
1513 3708 1531 3758 4

174 3781 241 3858 ἀπὸ
273 3795 348 3859 τῶν
375 3783 531 3878 Ἱερεμίου
564 3785 709 3877 Θρήνων
740 3786 781 3857 τὸ
815 3793 964 3876 »πνεῦμα
993 3786 1184 3874 προσώπου
1214 3783 1312 3876 ἡμῶν
1333 3788 1480 3875 Χριστός

173 3884 289 3974 κύριος
310 3886 510 3976 συνελήφθη
530 3891 568 3958 ἐν
590 3906 664 3969 ταῖς
685 3890 888 3974 διαφθοραῖς
910 3882 1057 3971 αύτιῦνι,
1080 3891 1223 3975 ἐπιλέγει

258 4106 318 4162 111
341 4106 397 4177 vgl.
418 4107 465 4161 Nr.
483 4109 524 4163 36.
543 4109 584 4161 37.
605 4108 646 4163 42.
663 4110 705 4162 43.
722 4110 757 4161 44
779 4136 813 4146 -
841 4107 876 4162 17
897 4107 953 4177 vgl.
971 4106 1017 4159 Nr.
1034 4107 1069 4159 42
1088 4134 1119 4144 -
1138 4107 1178 4161 2⁰
1195 4106 1263 4160 Luk.
1282 4110 1305 4170 1,
1324 4109 1357 4161 35
1380 4137 1413 4145 -
1440 4107 1478 4164 21

173 4203 233 4260 Joh.
252 4210 276 4270 4,
294 4208 328 4262 24
344 4237 378 4247 -
396 4208 436 4264 28
453 4208 514 4263 Joh.
533 4212 558 4269 4,
576 4209 609 4262 24
627 4238 660 4248 -
678 4209 716 4264 27
737 4208 845 4262 Bamch
862 4210 886 4269 3,
905 4210 938 4263 38
955 4237 989 4247 -
1006 4208 1045 4262 38
1064 4206 1171 4277 Klagel.
1190 4211 1215 4270 4,
1232 4209 1267 4264 20

257 4409 294 4464 11
322 4406 491 4480 παρεστύθη
508 4408 574 4475 We,
600 4407 672 4463 doch
697 4408 913 4479 vgl.s.110‚5
945 4408 1021 4476 513
1048 4400 1126 4478 (οὖν)
1146 4407 1198 4463 We
1220 4408 1303 4479 <γὰρ>
1323 4409 1369 4465 Μο
1400 4412 1406 4479 Ι
1439 4410 1479 4466 2⁰

173 4510 253 4579 φύσει
279 4508 342 4563 and.
369 4511 408 4565 θλ
437 4528 505 4581 φησι
528 4509 552 4563 V
584 4511 589 4579 Ι
621 4510 659 4565 81
687 4510 824 4565 τοῦτοί
855 4510 859 4575 1
895 4508 933 4565 34
963 4506 1066 4577 αὐτῶν]
1094 4509 1136 4563 Ga
1157 4510 1214 4579 vgl.
1237 4509 1310 4564 LXX
1332 4509 1478 4575 a5t5vV3
