3698 5510
378 457 436 517 162
965 446 1099 502 Eusebius

377 606 455 683 ούδέ
477 617 551 682 τῶν
574 581 707 683 λοιπῶν
731 612 947 700 ἑρμηνευτῶν
967 611 1076 701 ταύτῃ
1100 640 1151 695 τις
1178 617 1337 702 κέχρηται
1363 619 1407 700 τῇ
1428 617 1522 697 λέξει.
1565 607 1679 683 αύτίκα

375 707 404 782 δ
436 703 500 781 ούν
534 706 553 782 6
587 716 649 800 μέν
669 706 808 794 Ἀκύλας
837 710 970 801 »κύριος
996 709 1162 801 ἐκτήσοτό
1197 739 1238 799 με
1269 708 1458 798 κεφάλαιον
1489 718 1563 783 τῶν
1591 705 1679 784 ὁδῶν

375 807 499 883 αύτοῦι
523 815 666 901 εἴρηκεν,
697 804 716 879 6
747 816 782 880 δὲ
809 810 991 900 Σύμμαχος
1024 810 1157 901 »κύριος
1186 806 1354 902 ἐκτήσατό
1384 839 1424 899 με
1456 807 1561 900 ἀρχὴν
1591 804 1679 881 ὁδῶν

374 906 514 995 αύτούι,
546 906 565 982 6
592 915 628 980 δέ
652 915 847 982 θεοδοτίων
880 911 1013 1000 »κύριος
1038 907 1206 1001 ἐκτήσατό
1228 939 1268 1002 με
1299 906 1405 1000 ἀρχὴν
1435 906 1519 983 όδοῦ
1550 909 1678 982 αύτοῦι.

340 1015 429 1082 ὁκαὶ
451 1011 521 1098 ἔχοι
544 1006 576 1098 y'
600 1006 643 1080 ἀν
665 1005 771 1131 λόγον
792 1007 813 1100 6
836 1010 1000 1101 ἑρμηνεία.
1045 1010 1086 1084 τὸ
1113 1010 1175 1100 γάρ
1196 1007 1386 1098 κεφάλαων
1413 1016 1474 1101 τής
1498 1017 1570 1081 τῶν
1590 1036 1677 1099 γενη-
1695 1019 1724 1072 16

374 1116 449 1180 τῶν
471 1104 653 1231 ἀπάντορν,
680 1104 868 1199 ὁρωμένων
895 1106 1053 1182 τεκαὶ
1031 1119 1193 1199 αφανοόν,
1224 1107 1419 1192 συστάσεως
1440 1138 1479 1181 τε
1500 1116 1556 1180 καὶ
1577 1131 1677 1197 σωτη-

374 1217 447 1296 ρίας
468 1204 572 1291 αύτὸς
594 1202 650 1296 ἦν,
683 1202 724 1279 όν
750 1213 868 1297 ἐγέννα
893 1205 997 1299 μένό
1022 1210 1136 1301 πατήρ
1160 1209 1236 1282 υίὸν
1256 1216 1439 1301 μονογενῆ,
1466 1205 1628 1299 γεννήσας
1646 1213 1679 1278 δε

373 1313 582 1380 κατέταττεν
604 1313 744 1397 σωτῆρα
765 1315 840 1380 τῶν
867 1302 973 1393 όλων,
985 1305 1359 1432 ἀνακεφαλαιούμενρς
1385 1315 1423 1382 ἐν
1446 1306 1540 1398 αύτῷ
1562 1316 1616 1378 καὶ
1636 1294 1678 1377 δι

373 1404 481 1480 αύτοῦ
510 1408 575 1531 τήν
605 1405 759 1494 διάταξιν
790 1416 853 1480 τού
881 1406 1027 1493 παντός,
1060 1405 1108 1493 ως
1137 1405 1334 1497 ἐδίδαξεν“
1316 1439 1336 1481 ο
1367 1420 1461 1492 θεῖος
1493 1402 1680 1489 ἀπόστολος

322 1523 356 1579 10
373 1509 480 1579 εἰποόν
505 1504 889 1595 »ἀνακεφαλαιώσασθαι
911 1505 1025 1579 πάντα
1047 1512 1155 1601 ἐντῷ
1179 1517 1329 1600 Χριστῷ,
1350 1507 1394 1580 τά
1416 1514 1473 1580 ἐπὶ
1496 1526 1568 1590 τοῖς
1589 1503 1679 1594 ούρα·

375 1627 446 1690 νοις
467 1614 524 1677 καὶ
545 1607 589 1679 τά
610 1613 666 1679 ἐπὶ
687 1614 749 1698 τῆς
771 1614 865 1698 γήςι,
897 1604 945 1691 ἀς
974 1610 1019 1698 μή
1041 1605 1149 1698 μόνον
1171 1607 1215 1680 τὰ
1237 1609 1415 1700 σύμπαντα
1436 1606 1481 1679 δι’
1508 1603 1612 1679 αύτοῦ
1632 1630 1679 1675 συ

375 1712 495 1797 στῆναι
517 1710 554 1777 ἐκ
576 1714 640 1780 τοῦ
661 1706 705 1797 μή
729 1700 832 1790 ὄντος
854 1707 958 1791 είς
923 1737 964 1780 το
987 1710 1073 1780 εἶναι
1093 1705 1325 1796 προελθόντα,
1347 1704 1436 1781 ἀλλά
1456 1715 1515 1779 καὶ
1539 1712 1599 1796 τῆς
1612 1712 1680 1776 τῶν

375 1800 470 1878 όλων
491 1804 689 1934 διοικήσεως
711 1805 775 1926 τήν
801 1803 970 1896 πρόνοιαν
1000 1804 1221 1898 ἀναδέχεσθαι
1251 1805 1359 1881 αύτὸν
1385 1800 1444 1879 άτε
1473 1805 1578 1897 λόγον
1599 1798 1679 1876 ὄντα

373 1912 429 1977 καὶ
451 1913 577 2026 σοφίαν
598 1914 654 1976 καὶ
677 1904 770 1994 ζωήν
790 1901 924 1989 παντός
944 1934 981 1978 τε
1001 1913 1110 2028 καλοῦ
1129 1917 1185 1979 καὶ
1207 1907 1341 1996 ἀγαθοῦ
1360 1906 1547 2028 πλήρωμα,
1573 1902 1619 1986 ἀς
1640 1899 1677 1990 111,

323 2023 355 2076 15
374 2002 481 2078 αύτοῦ
501 2011 728 2093 κυβερνᾶσθαι
749 2014 805 2076 καὶ
827 2005 1052 2096 διασῴζεσθαι
1074 2007 1116 2078 τά
1139 2007 1326 2097 σύμπαντα.
1368 2016 1477 2080 τοῦτο
1499 2012 1535 2077 δὲ
1556 2012 1610 2076 καὶ
1629 2001 1678 2076 διὰ
1693 2012 1721 2066 17

374 2111 449 2177 τῶν
471 2109 721 2193 προτεθέντων
743 2113 873 2194 λογίων
894 2102 997 2189 αύτὸς
1018 2114 1175 2196 παρίστη,
1198 2103 1243 2178 δι’
1267 2100 1318 2179 66
1339 2109 1488 2195 ἔφασκεν
1514 2101 1577 2177 »δι>
1603 2108 1678 2223 ἐμοῦ

373 2214 520 2291 βασιλεῖς
541 2201 786 2290 βασιλεύουσιν,
817 2213 873 2276 καὶ
900 2208 933 2277 οἱ
963 2203 1124 2278 δυνάσται
1146 2204 1334 2295 γράφουσιν
1366 2204 1598 2295 δικαιοσύνην·
1639 2197 1676 2273 δι’

373 2309 455 2394 ἐμοῦ
475 2309 672 2394 μεγιστᾶνες
691 2301 952 2425 66766660166,
975 2312 1030 2376 καὶ
1053 2304 1216 2394 τύραννοι
1237 2303 1283 2378 δι’
1306 2311 1388 2396 ἐμοῦ
1409 2313 1574 2395 κρατοῦσι
1595 2309 1678 2420 γήςι.

373 2400 492 2492 λόγοις
524 2399 556 2474 δ’
579 2395 642 2475 οὖν
664 2399 827 2525 ἀρρήτοις
850 2410 911 2494 τῆς
933 2402 1088 2478 καθόλου
1119 2415 1240 2493 σοφίας
1272 2434 1308 2478 τε
1338 2412 1393 2478 καὶ
1423 2412 1591 2495 προνοίας
1619 2430 1678 2473 του
1664 2407 1722 2467 ’18

321 2516 354 2571 20
372 2507 447 2575 υίοῦ
468 2509 531 2575 τοῦ
551 2508 637 2574 θεοῦ
658 2503 703 2574 τά
723 2501 902 2592 σύμπαντα
923 2509 1106 2576 διοικεῖται.
1150 2501 1245 2576 ταῦτ’
1268 2498 1330 2578 ούν
1352 2505 1407 2577 διὰ
1429 2513 1507 2578 τῶν
1527 2531 1678 2593 προεκτε·
1826 2500 1827 2509 ’

372 2609 512 2675 θέντων
534 2607 714 2685 ἐδίδασκεν,
737 2595 952 2723 προύτρεπέν
974 2633 1011 2676 τε
1034 2605 1168 2693 ἔχεσθαι
1193 2601 1301 2677 αύτοῦ
1322 2602 1466 2691 φάσκων
1497 2605 1581 2694 »ἐγὼ
1603 2601 1678 2683 τοῦς

373 2708 429 2790 ἐμὲ
451 2708 639 2822 φιλοῦντας
661 2696 793 2823 ἀγαπῶ,
827 2710 832 2788 Ι
866 2706 899 2774 οἱ
921 2708 957 2773 δὲ
972 2707 1027 2794 ἐμὲ
1043 2710 1225 2793 ζητοῦντες
1240 2700 1470 2794 εύρήσουσινι,
1494 2701 1677 2790 ἀπέτρεπέν
1693 2711 1744 2768 111

374 2832 411 2874 τε
433 2808 495 2892 τῆς
516 2806 672 2884 ἐναντίας
699 2797 781 2873 ὁδοῦ
811 2798 857 2873 δι’
885 2793 937 2872 οῦν
962 2801 1130 2922 ἐπήγαγεν
1159 2806 1315 2894 »ἐμίσησα
1344 2810 1380 2874 δὲ
1409 2805 1479 2893 ἐγώ
1512 2809 1677 2891 διεστραμ·

372 2909 474 2993 μένας
497 2897 597 2984 ὁδούς
622 2909 769 2973 κοιτῶνι.
810 2908 866 2972 καὶ
897 2902 937 2991 δή
969 2909 1078 2974 ταῦτα
1103 2910 1160 2974 καὶ
1187 2903 1229 2974 τὰ
1257 2902 1394 2986 τούτοις
1420 2897 1597 2991 ἀδελφάς
1578 2932 1596 2974 ο
1618 2929 1676 2973 τον
1663 2904 1721 2959 19

322 3020 355 3074 2ο
373 3008 457 3074 θεοῦ
478 2998 549 3084 υίὸς
564 2996 679 3087 (αὐτὸς
694 2999 756 3121 γὰρ
777 2992 823 3090 ήν
845 3032 865 3091 6
855 2998 1002 3088 (σοφία)
1019 2999 1301 3092 διαστειλάμενος,
1324 3004 1398 3092 εξῑγς
1413 3022 1489 3086 τοῖς
1505 2999 1549 3073 δι’
1566 2998 1675 3073 αύτῶν

372 3104 674 3220 προωφελημένρις
708 3099 774 3189 τήν
814 3100 979 3191 μυστικήν
1014 3103 1139 3223 περὶι
1127 3109 1251 3173 εαυτοῦ
1284 3109 1412 3191 γνῶσιν
1451 3107 1677 3192 παραδίδωσιν

374 3205 486 3288 λέγων
510 3198 588 3271 »ἐὰν
618 3193 805 3287 ἀναγγείλω
833 3196 911 3289 ύμῖν
931 3200 975 3271 τά
996 3196 1076 3272 καθ’
1098 3197 1225 3291 ἡμέραν
1245 3198 1434 3292 γιγνόμενα,
1459 3198 1676 3293 μνημονεύσω

374 3298 416 3371 τὰ
439 3304 623 3384 ἐξαίῶνος
644 3294 855 3419 ἀριθμῆσαιρ.
899 3304 927 3370 εἰ
947 3299 1011 3388 γάρ
1036 3305 1203 3389 μέλλοιμι,
1234 3310 1351 3390 φησίν,
1382 3299 1426 3373 τά
1456 3298 1511 3391 ἐφ’
1543 3297 1721 3423 έκάστης10

374 3395 538 3489 ἡμέρας
517 3427 564 3469 vx
564 3394 677 3488 ἐμοῦ
702 3396 923 3488 πραττόμενα
950 3397 1131 3484 διδάσκειν,
1163 3396 1292 3490 ἀνάγκη
1321 3407 1379 3473 καὶ
1409 3409 1484 3475 τῶν
1517 3406 1553 3488 ἐξ
1581 3396 1677 3518 ἇσχής

322 3516 356 3570 30
375 3504 436 3569 τοῦ
457 3495 589 3579 παντὸς
611 3499 774 3580 αἰῶνος”
759 3523 870 3617 εργων
891 3500 1038 3587 ἐμαυτοῦ
1063 3506 1289 3589 μνημονεύσω
1315 3508 1371 3572 καὶ
1396 3505 1608 3591 παραστῆσαι
1633 3492 1677 3576 αἱς

374 3603 428 3669 ἐπὶ
451 3594 566 3686 τούτῳ
587 3623 627 3686 με
657 3591 676 3667 6
699 3594 862 3686 γεννήσας
891 3598 1006 3719 πατήρ
1033 3597 1146 3688 ἄρχειν
1169 3606 1243 3671 τῶν
1266 3594 1362 3723 ό>λων
1383 3605 1600 3689 κατέστησεν,
1626 3590 1676 3681 ἐφ’

375 3688 403 3786 6
426 3726 464 3768 τε
487 3692 641 3786 ἡγεῖσθαι
663 3702 736 3767 τῶν
759 3690 852 3768 όδοῦν
875 3694 980 3769 αύτου
966 3704 1056 3768 καὶ
1080 3704 1155 3770 τῶν
1175 3695 1232 3770 ἀπ’
1255 3696 1362 3771 αύτου
1347 3695 1418 3772 ’δι’
1441 3703 1525 3788 ἐμοῦ
1545 3722 1678 3821 πεποιη-

373 3770 526 3885 μένων
510 3822 629 3918 εργων.
672 3793 724 3866 διὸ
756 3792 958 3878 ἀκολούθως
988 3794 1104 3886 ἐπάγει
1134 3796 1175 3869 τὸ
1209 3798 1341 3887 »κύριος
1364 3801 1495 3870 ἐκτιοέν
1516 3826 1556 3888 με
1577 3792 1677 3918 ἀρχήν

373 3890 466 3967 ὁδων
488 3891 594 3968 αύτου
580 3897 700 3979 ””είς
685 3924 764 3985 εργα
786 3891 921 4016 αύτοῦι,
944 3925 964 3984 6
990 3896 1121 4015 »κύριος
1141 3894 1307 4017 ἐκτήσατό
1328 3926 1386 3987 μετ
1411 3896 1499 3969 κατὰ
1521 3896 1586 4018 τήν
1600 3891 1675 3967 ἀπο·

322 4014 355 4068 35
373 4000 535 4068 δοθεῖσαν
552 3996 736 4085 ερμηνείαν.
779 3992 820 4065 τὸ
842 3993 905 4084 γάρ
927 4001 1008 4085 μέγα
1030 4002 1141 4114 κτῆμα
1162 4003 1225 4068 τοῦ
1247 3992 1374 4069 θεοῦ
1354 4027 1373 4069 ο
1399 3994 1587 4087 μονογενὴς
1608 3991 1676 4074 υίὸς
1689 3995 1718 4050 21

374 4088 427 4186 ή,ν
448 4092 528 4166 καθ’
545 4088 639 4185 όμέν
661 4099 696 4180 ἐξ
718 4089 824 4165 αύτοῦ
845 4102 1005 4185 γεγένητο
1019 4086 1128 4179 υίος
1106 4124 1158 4165 ων
1174 4092 1288 4182 ούτοῦ,
1310 4093 1390 4167 καθ’
1406 4089 1477 4168 όδέ
1492 4115 1564 4178 τοῖς
1577 4115 1676 4167 πασιν

460 4315 510 4372 211
532 4314 611 4371 Prov.
629 4316 653 4380 8,
672 4316 705 4371 22
730 4308 856 4371 A'E'o'
882 4343 916 4353 —
945 4317 979 4370 10
1003 4313 1168 4388 Ερ1.1,10
1193 4346 1226 4356 -
1255 4317 1293 4373 1ss
1318 4317 1504 4382 Ρτοτ.8,15.
1524 4317 1557 4372 16
1581 4344 1614 4356 -
1638 4310 1672 4366 21

373 4416 455 4473 Prov.
472 4418 497 4485 8,
516 4419 548 4472 17
566 4446 600 4456 ·-
618 4416 657 4473 2⁸
675 4417 755 4472 Prov.
773 4416 798 4481 8,
818 4417 850 4471 13
867 4446 901 4455 -
919 4417 956 4473 21
977 4417 1057 4473 Prov.
1075 4420 1099 4483 8,
1117 4421 1173 4475 212
1189 4449 1222 4459 -
1241 4419 1302 4475 881
1316 4418 1396 4475 Prov.
1413 4418 1438 4488 8,
1456 4419 1489 4474 22

461 4613 840 4686 2ἐκτίσατο11*,οοα.111
871 4619 875 4685 Ι
908 4616 948 4672 84
966 4613 1096 4674 ἐκτίοατο
1116 4617 1164 4685 V*‚
1183 4635 1251 4674 corr.
1271 4618 1308 4673 V²
1339 4620 1344 4688 Ι
1376 4618 1415 4675 16
1431 4615 1582 4691 γεγέννητο
1599 4615 1636 4668 V²
