3674 5506
561 499 595 555 de
612 497 797 556 εααῙεείαεῖὶαε
813 497 955 569 theologia
970 498 1011 553 111
1030 499 1069 554 15.
1089 500 1130 556 16.
1433 507 1491 569 175

180 675 295 754 πατρί,
318 662 359 737 ού
380 659 593 753 παυσάμενος
615 668 677 752 τῆς
697 668 864 747 βασιλείας
887 656 962 733 οὐδ’
985 655 1178 750 ἀναχωρῶν
1199 657 1312 749 αύτής,
1336 658 1413 733 οὐδὲ
1428 660 1491 751 γὰρ

179 766 368 839 παύσεσθαι
399 760 507 836 αύτάν
540 767 600 852 τής
626 770 793 846 βασιλείας
815 755 834 832 ά
857 772 951 842 θεῖος
977 757 1172 844 ἀπόστολος
1195 764 1259 851 ἔφη
1290 753 1324 851 (ἢ
1353 762 1417 850 γὰρ
1448 759 1492 833 ἀν

180 863 345 938 τάναντία
367 868 511 953 ἔγραφεν
533 869 584 952 τῷ
609 859 756 951 Γαβριὴλ
782 869 984 931 θεσπίσαντι
1010 859 1097 949 πρὸς
1118 861 1183 951 τήν
1204 868 1382 949 παρθένον
1402 869 1491 945 βασι-

179 963 310 1038 λεύσειν
331 960 438 1035 αύτάν
460 967 525 1044 »είς
547 960 627 1044 τούς
650 967 776 1043 αίώνας
797 968 852 1032 καί
875 966 937 1049 τῆς
958 968 1125 1046 βασιλείας
1140 959 1263 1035 αύτούι
1287 959 1332 1050 μή
1355 963 1492 1034 ἔσεσθαι

144 1079 161 1131 5
183 1072 345 1152 »τέλος«),
374 1060 461 1136 ἀλλὰ
487 1060 704 1151 παραδώσειν
728 1060 813 1150 »τήν
833 1067 1038 1145 βασιλείανι,
1063 1061 1188 1152 δηλαδή
1210 1065 1293 1143 τούς
1314 1055 1370 1132 ἀπ’
1395 1057 1490 1151 αύτῷ

179 1170 483 1252 βασιλευομένους,Ι
504 1169 573 1253 »τῷ
601 1168 673 1251 θεῷ
696 1167 751 1230 καί
773 1168 906 1248 πατρίι.
949 1168 1197 1246 τελειωθέντας
1228 1161 1290 1253 γάρ
1313 1158 1370 1233 ἀπ’
1394 1158 1524 1252 αύτῷί

179 1264 260 1348 τούς
280 1260 413 1347 πάντας
435 1260 558 1335 ώσανεὶ
581 1257 848 1350 φαιδρυνάμενος
874 1268 926 1351 τῷ
948 1263 1194 1352 κατορθώματι
1219 1264 1413 1354 παραδώσει
1437 1269 1487 1353 τῷ

179 1371 284 1453 πατρί
306 1361 361 1436 οίά
384 1390 461 1434 τινα
483 1358 690 1451 παραθήκην
706 1356 984 1449 ἀποδεδεγμένος·
1006 1354 1025 1431 ά
1041 1360 1082 1450 δή
1098 1360 1244 1437 διδάσκει
1260 1370 1374 1454 λέγων
1389 1359 1492 1447 αύτάς

182 1459 314 1534 »πάντα
336 1490 393 1551 μοι
419 1457 597 1552 παρεδόθη
627 1457 694 1533 ύπά
726 1467 790 1533 τοῦ
819 1457 949 1549 πατρός
978 1489 1072 1549 μουι.
1116 1460 1168 1534 διά
1198 1459 1404 1547 ἀκολούθως
1436 1460 1492 1535 οία

131 1578 163 1632 10
180 1561 290 1649 φύλαξ
325 1558 456 1651 ἀγαθάς
486 1562 581 1634 σώαν
610 1568 666 1631 καί
695 1559 784 1631 κατὰ
813 1556 927 1632 πάντα
963 1564 1160 1650 ἐρρωμένην
1190 1561 1254 1652 τήν
1284 1561 1491 1652 παραθήκην

180 1667 297 1750 φέρων
318 1661 513 1750 παραδώσει
534 1667 585 1751 τῷ
609 1666 695 1750 θεῷ,
723 1655 903 1749 ἀρχιερέως
924 1665 1021 1750 δίκην
1044 1657 1124 1743 τούς
1145 1655 1201 1732 ἀπ’
1226 1658 1322 1752 αύτῷ
1344 1665 1490 1753 ίερουμέ·

180 1791 259 1843 νους
280 1758 416 1843 πάντας
437 1765 651 1849 λευχείμονας
672 1765 728 1831 καί
750 1757 893 1845 ώσπερεί
915 1757 1172 1847 λαμπροτάταις
1188 1772 1325 1846 στολαῖς
1341 1780 1414 1845 τοῖς
1430 1767 1492 1851 τῆς

180 1858 396 1944 ἀναστάσεως
426 1856 621 1948 ἀφθάρτοις
651 1859 802 1949 σώμασιν
837 1855 1135 1949 ἐξαστράπτοντας
1169 1869 1350 1951 παριστών
1384 1858 1490 1952 αύτῷ,

179 1966 232 2033 ίνα
254 1960 299 2051 μὴ
321 1959 428 2051 μάνης
451 1965 513 2049 τῆς
534 1955 590 2031 ὑπ’
615 1956 710 2050 αύτῷ
731 1965 899 2044 βασιλείας
921 1955 1142 2030 ἀπολαύωσιν
1157 1955 1244 2033 ἀλλὰ
1259 1969 1315 2033 καί
1338 1968 1411 2032 τών
1427 1967 1490 2034 τοῦ

131 2077 162 2129 15
177 2060 308 2149 πατρὸς
330 2056 491 2149 ἀρρήτων
515 2054 659 2149 ἀγαθῶν
684 2063 927 2147 έμπιπλώνται.
970 2053 1064 2130 ούτω
1095 2058 1159 2148 γὰρ
1188 2063 1281 2133 ἔσται
1311 2060 1399 2133 κατὰ
1424 2059 1523 2135 τάν5

179 2157 378 2234 ἀπόστολον
403 2154 439 2230 τά
462 2158 544 2242 θεὸς
565 2156 681 2230 πάντα
703 2161 740 2228 έν
761 2163 900 2241 πᾶσινι,
925 2165 989 2230 τού
1010 2162 1085 2230 υίού
1108 2159 1189 2243 τούς
1211 2167 1489 2252 βασιλευομένους

178 2257 415 2351 προσάγοντος
436 2255 546 2350 αύτῷ,
578 2255 620 2330 ἵν’
648 2251 732 2328 άλον
755 2263 860 2328 τοῦτο
883 2265 1033 2347 γένηται,
1062 2265 1150 2348 λέγω
1174 2258 1272 2331 δὲτὸ
1299 2258 1431 2334 »πάντα
1453 2265 1491 2332 έν

178 2368 298 2434 πᾶσιν(
324 2362 409 2431 εἶναι
431 2357 495 2430 τὸν
516 2365 655 2446 πατέρα.
699 2353 747 2438 ώς
769 2356 831 2446 γὰρ
854 2349 896 2446 ήν
918 2355 1091 2446 πρότερον
1112 2364 1149 2430 έν
1172 2366 1224 2449 τῷ
1250 2363 1315 2450 υίῷ
1337 2359 1489 2432 κατὰτὸ

181 2455 217 2531 »ά
239 2458 353 2549 πατήρ
375 2462 414 2529 έν
435 2462 508 2546 ἐμοὶ
529 2453 623 2547 κάγώ
644 2460 681 2528 έν
704 2462 756 2546 τῷ
777 2465 912 2543 πατρίι,
935 2453 1047 2539 ούτως
1063 2460 1155 2529 ἔσται
1171 2455 1251 2529 τότε
1265 2465 1320 2528 καί
1333 2464 1371 2530 έν
1384 2465 1489 2531 πᾶσιν

130 2574 162 2628 20
178 2579 251 2643 τοῖς
271 2555 339 2630 ύπά
364 2563 412 2646 τῷ
436 2560 499 2648 υίῷ
522 2566 762 2628 τελειωθεῖσιν.
799 2552 840 2625 ού
861 2555 924 2644 γάρ
945 2554 1134 2627 παύσεσθαι
1154 2563 1217 2644 μὲν
1238 2564 1299 2646 τῆς
1320 2566 1488 2642 βασιλείας
1505 2577 1523 2632 6

178 2659 242 2732 τόν
261 2655 338 2730 υίάν
359 2657 423 2730 τάν
444 2662 480 2728 δέ
502 2654 587 2728 θεάν
617 2654 826 2738 βασιλεύσειν
856 2658 919 2745 έφη
941 2650 961 2726 ά
988 2651 1195 2740 ἀπόστολος,
1227 2651 1314 2728 ἀλλὰ
1341 2657 1488 2748 τὸνμὲν

177 2761 252 2833 υίὸν
277 2762 344 2847 »τῷ
368 2763 441 2847 θεῷ
463 2762 517 2828 καί
540 2763 645 2844 πατρί
667 2755 732 2845 τήν
753 2761 941 2839 βασιλείανι
966 2755 1194 2844 παραδώσειν,
1220 2755 1314 2829 σώαν
1337 2757 1402 2847 τὴν
1424 2787 1488 2830 πα·

178 2854 335 2948 ραθήκην
356 2862 411 2927 καί
433 2854 520 2945 πρὸς
543 2854 607 2944 τὴν
628 2852 841 2941 τοῦπατρὸς
862 2860 1022 2942 λατρείαν
1044 2882 1081 2925 τε
1102 2862 1157 2926 καί
1181 2854 1368 2945 ίερωσύνην
1389 2861 1489 2946 ἐπαρ-

178 2965 304 3033 κοῦσαν
326 2955 597 3045 ἐνδεικνύμενον,
629 2952 692 3025 τὸν
719 2959 755 3024 δὲ
781 2952 867 3025 θεάν
889 2957 1023 3025 έσεσθαι
1057 2952 1190 3027 »πάντα
1220 2960 1258 3026 έν
1288 2962 1408 3028 πᾶσιν(
1441 2954 1489 3040 ώς

131 3068 162 3123 ‘25
178 3057 263 3131 θεὸν
284 3061 487 3130 ἐνοικοῦντα
507 3061 562 3126 καὶ
585 3058 882 3143 έμπεριπατούντα
915 3059 970 3126 »έν
993 3051 1125 3137 αύτοῖςι
1154 3061 1210 3127 καί
1226 3052 1352 3141 πάντα
1374 3052 1491 3140 αύτοῖς

178 3153 367 3247 γινόμενον.
410 3162 484 3226 τών
510 3153 655 3245 μὲνγὰρ
678 3156 771 3225 ἔσται
793 3150 972 3243 δεσπότης,
1000 3160 1074 3224 τών
1103 3158 1138 3224 δέ
1160 3154 1326 3238 βασιλεύς,
1359 3164 1433 3227 τών
1455 3162 1491 3226 δὲ

180 3253 297 3346 έτεράν
320 3279 365 3326 τι·
388 3252 534 3327 πάντων
555 3260 592 3325 δὲ
614 3249 753 3341 ἀθρόως
774 3249 865 3335 θεάς,
888 3271 963 3336 ταῖς
985 3258 1022 3323 έν
1043 3248 1137 3343 αύτῷ
1161 3264 1289 3337 θεῖκαῖς
1305 3251 1438 3342 ἀρεταῖς
1454 3284 1490 3325 τε

178 3365 233 3428 καὶ
256 3352 437 3447 δυνάμεσιν
459 3353 502 3425 τά
524 3350 640 3425 πάντα
662 3349 778 3435 αύτοῖς
793 3348 997 3442 γιγνόμενος.
1030 3358 1035 3441 1
1069 3358 1174 3424 τοῦτο
1198 3360 1295 3437 τέλος
1317 3359 1620 3443 fictam-{1188

178 3464 342 3546 μακαρίας
372 3458 510 3537 έλπίδος
540 3448 735 3542 ἀπέγραφεν
767 3446 786 3522 ά
815 3459 916 3540 μέγας
946 3448 1142 3535 ἀπόστολος
1172 3454 1279 3524 είπών
1313 3457 1386 3525 τίνα
1417 3448 1438 3542 ᾖ
1470 3449 1490 3525 ά

131 3564 163 3619 30
180 3554 261 3638 θεάς
282 3551 400 3628 πάντα
422 3560 459 3626 έν
480 3559 613 3625 πᾶσινι.
656 3548 729 3624 ἀλλ’
751 3555 790 3622 ἐν
815 3558 876 3640 μέν
898 3571 970 3634 τοῖς
991 3559 1096 3625 πᾶσιν
1116 3549 1231 3623 πάντα
1252 3553 1346 3626 ἔσται
1368 3549 1491 3626 ἀναλά-

179 3683 247 3744 γως
270 3662 313 3744 τῇ
335 3652 479 3726 ἑκάστου
500 3650 637 3742 δυνάμει
659 3650 721 3734 τὰς
744 3658 805 3740 τῆς
828 3647 935 3724 αύτοῦ
957 3647 1125 3740 θεότητος
1140 3647 1326 3738 διαφόρους
1340 3658 1491 3737 ἐπινοίας

179 3763 337 3845 χορηγῶν
359 3773 431 3838 τοῖς
453 3759 565 3835 πᾶσιν,
586 3747 682 3841 μόνῳ
707 3757 742 3822 δέ
765 3756 816 3840 τῷ
837 3769 1016 3840 μονογενεῖ
1032 3747 1138 3822 αὐτοῦ
1152 3754 1215 3841 υίῴ
1236 3751 1301 3842 τήν
1316 3757 1491 3843 ἐξαίρετον

179 3863 235 3926 καί
257 3852 426 3943 πατρικήν
445 3872 518 3934 τοῖς
539 3880 576 3923 τε
600 3863 734 3934 λοιποῖς
756 3841 881 3921 ἀπασιν
907 3846 1146 3940 ἀκοινώνητον
1173 3847 1275 3937 δόξαν
1304 3859 1358 3922 καὶ
1390 3851 1492 3943 τιμήν

181 3962 235 4026 καὶ
257 3962 428 4042 βασιλείαν
450 3949 598 4040 φυλάξει.

265 4175 372 4231 4Luk.
392 4179 415 4241 1,
433 4175 467 4231 33
492 4201 526 4212 -
552 4172 571 4227 5
598 4171 693 4224 ΙΚατ.
711 4173 752 4235 15,
770 4172 804 4226 24
831 4200 864 4209 -
891 4171 911 4227 8
938 4170 1038 4226 Μαίίιίτ.
1058 4173 1098 4237 11,
1117 4172 1158 4226 27.
1187 4171 1315 4237 1111le
1335 4173 1369 4228 22
1394 4204 1428 4213 -
1456 4173 1492 4230 18

182 4276 275 4334 ΙΚατ.
295 4279 335 4344 15,
352 4277 388 4331 28
413 4303 446 4314 -
474 4274 510 4329 l?
531 4272 544 4325 l
562 4273 626 4328 Kor.
646 4274 685 4337 15,
703 4274 738 4327 28
754 4301 788 4312 ·-
808 4272 845 4327 18
864 4270 927 4328 δοίτ.
946 4274 985 4337 10,
1004 4274 1038 4328 38
1055 4302 1089 4312 -
1108 4272 1146 4328 22
1166 4275 1177 4323 I
1195 4272 1260 4327 Kor.
1279 4276 1319 4341 15,
1337 4275 1371 4328 24
1393 4304 1427 4315 -
1449 4274 1490 4331 24

182 4378 277 4433 ΙΚοτ.
296 4380 337 4443 15,
354 4376 389 4431 28
407 4406 440 4415 -
459 4375 559 4432 2511]
578 4373 642 4427 Kor.
660 4374 684 4439 6,
704 4374 736 4428 16
752 4401 786 4412 -
804 4372 844 4430 22
862 4373 875 4427 Ι
892 4373 957 4429 Κατ.
976 4377 1016 4435 15,
1034 4374 1069 4429 28

267 4575 448 4634 2παύεοθαι
466 4576 499 4639 V,
517 4591 584 4631 corr.
604 4573 638 4627 ΚΙ
657 4573 711 4642 vgl.
730 4575 756 4628 Z.
775 4573 809 4630 20
840 4573 845 4641 Ι
878 4561 1318 4645 ήςεί2*ή1’ίήω1.οὒῖ
1350 4576 1354 4643 Ι
1388 4575 1490 4646 2072.

185 4679 306 4749 νόμενον
323 4678 356 4746 V,
375 4696 442 4733 αοττ.
461 4676 513 4729 We
