3698 5510
331 490 387 552 136
935 483 1068 538 Eusebius

388 641 534 734 σύμενον
556 648 593 714 έν
614 641 817 734 ἀνθρώποις
831 643 1011 733 πρότερον,
1018 641 1136 767 λόγον
1155 641 1263 716 αύτόν
1277 674 1341 718 του
1325 640 1639 732 παντοκράτορος

389 738 578 833 ὀνομάζων,
601 738 714 827 ούτως
737 749 839 834 ἔφη»
827 742 925 817 ἐν’
905 754 988 834 αρχή
1011 737 1053 835 ήν
1077 741 1096 816 6
1118 741 1249 866 λόγοςι.

326 848 363 914 έν
344 840 526 925 ντούτοις
556 849 617 931 μὲν
648 835 710 915 οὖν
742 840 1041 935 ἀποκεκρυμμένον
1071 843 1256 935 μυστήριον
1281 851 1460 933 διορίζεται
1487 847 1573 916 εἶναι
1595 842 1638 916 τὸ

326 950 403 1029 περὶ
429 949 493 1015 τοῦ
519 938 670 1031 λόγον”
654 971 740 1031 εχειν
771 942 835 1016 τὸν
864 942 962 1026 θεόν,
994 948 1031 1015 έν
1062 950 1099 1016 δέ
1128 961 1203 1026 ταῖς
1229 939 1358 1032 άρτίως
1378 950 1639 1033 παρατεθείσαις

291 1060 553 1131 ῡπροφητικαῖς
589 1061 721 1129 φωναῖς
755 1041 865 1127 πάσας
900 1044 961 1126 τὰς
991 1052 1087 1125 θείας
1117 1045 1249 1133 γραφὰς
1277 1042 1458 1133 κηρύττειν
1488 1042 1530 1114 τὰ
1559 1050 1638 1132 περὶ

326 1139 431 1214 αύτοῦ
459 1150 653 1230 συνίστησιν
682 1149 738 1213 καὶ
769 1141 904 1233 συνάγει
933 1152 1011 1230 περὶ
1038 1139 1143 1231 λόγου
1165 1150 1250 1215 θεοῦ
1270 1151 1430 1226 πλείστας
1453 1136 1532 1226 όσας
1553 1171 1637 1232 μαρ-

325 1249 449 1326 τυρίας.
486 1237 548 1313 ούκ
570 1240 635 1331 ἄρα
650 1233 693 1332 ήν
708 1239 934 1331 ἀγνοούμενος
949 1249 1000 1332 τῷ
1015 1249 1172 1332 προτέρῳ
1195 1249 1278 1331 λαῷ,
1300 1239 1429 1326 πάντες
1450 1241 1512 1331 γὰρ
1536 1238 1637 1314 αύτοί
1655 1251 1674 1305 2

325 1341 406 1423 τούς
428 1339 606 1425 τοιούτους
628 1338 750 1432 λόγους
771 1338 903 1429 ᾔδεσαν,
926 1340 992 1415 άνὰ
1014 1340 1122 1432 στόμα
1143 1348 1198 1412 καὶ
1221 1340 1275 1413 διὰ
1289 1340 1421 1432 μνήμης
1443 1341 1487 1414 τὰ
1504 1368 1641 1431 προφη-

327 1439 403 1511 τικὰ
426 1438 524 1527 λόγια
546 1447 719 1531 φέροντες.
762 1436 851 1514 ἄλλα
872 1441 936 1513 τὸν
959 1448 1151 1532 γραμματέα
1178 1448 1253 1513 τῶν
1273 1436 1445 1513 Ἰουδαίων
1473 1447 1529 1515 75¹
1559 1437 1641 1530 ἡμῖν

276 1535 345 1614 106
368 1539 572 1628 Χριστιανός
593 1544 804 1630 προΐσχεται,
837 1537 898 1614 ούκ
921 1539 1059 1616 άκούων
1077 1548 1141 1614 τοῦ
1162 1546 1318 1630 σωτῆρος
1348 1547 1511 1630 λέγοντος
1545 1537 1641 1612 »οῦαὶ

325 1636 413 1728 ύμῖν,
436 1657 637 1729 γραμματεῖς
658 1647 714 1710 καί
738 1649 915 1730 Φαρισαῖοι
936 1638 1156 1730 ύποκριταίι,
1177 1638 1343 1730 θαυμάζει
1364 1670 1402 1713 τε
1424 1636 1531 1712 αῦτὸν
1547 1633 1640 1730 ὅρκῳ

325 1738 552 1829 πιστούμενον
575 1731 630 1810 ότι
654 1740 719 1822 »εἰς
740 1745 832 1812 ἐστιν
861 1736 881 1812 6
902 1740 985 1825 θεὸς
1005 1749 1061 1811 καί
1088 1738 1150 1813 οῦκ
1172 1743 1264 1811 ἔστιν
1285 1740 1375 1828 πλήν
1401 1736 1542 1823 αύτοῦι,
1575 1736 1640 1811 οῦκ

326 1840 425 1921 εἰδώς
453 1832 508 1910 ότι
530 1846 586 1913 καὶ
614 1841 658 1910 τὰ
687 1838 861 1930 »δαιμόνια
882 1839 1097 1913 πιστεύουσιν
1128 1848 1184 1910 καὶ
1215 1847 1443 1928 φρίττουσινι.
1487 1837 1580 1929 τήρει
1602 1846 1675 1910 δὲ3

327 1932 422 2022 ὅπως
452 1942 488 2024 ἐξ
514 1935 632 2010 αύτοῦν
659 1946 733 2011 τοῦν
753 1948 984 2031 προφητικῶν
1013 1947 1157 2029 γραφῶν
1187 1937 1232 2010 τὰ
1261 1945 1339 2025 περὶ
1368 1933 1474 2026 λόγου
1504 1936 1640 2027 συνάγει

275 2056 309 2110 15
326 2045 390 2111 τοῦ
412 2046 486 2110 τοῦν
506 2047 691 2126 πρακτέων
714 2044 965 2112 διδασκαλικοῦ·
988 2033 1030 2112 όν
1051 2047 1106 2111 καί
1128 2035 1300 2111 Ἰουδαίων
1319 2043 1438 2121 παῖδες
1463 2045 1640 2126 γνωρίζειν

327 2132 604 2226 ὁμολογήσουσιν,
628 2132 686 2210 άτε
709 2138 776 2227 πρὸ
791 2136 890 2228 ήμῶν
904 2146 1031 2211 τοῦτον
1048 2134 1307 2229 παρειληφότες.
1344 2133 1418 2209 ἀλλ’
1440 2133 1518 2210 οῦδὲ
1532 2134 1638 2221 αῦτός

326 2243 513 2322 Σαβέλλιος
534 2236 597 2308 τὸν
619 2244 782 2310 τοιοῦτον
804 2236 917 2328 ἠγνόει
943 2235 1055 2326 λόγον.
1098 2246 1174 2321 πῶς
1199 2230 1262 2309 σύν
1282 2234 1462 2319 Ἰουδαίους
1490 2244 1547 2307 καί
1568 2244 1638 2306 Σα-
1656 2254 1676 2306 4

325 2342 462 2422 βέλλιον
488 2333 631 2408 κόπτων
661 2337 706 2427 μή
737 2341 921 2426 ἐγνωκέναι
950 2338 1015 2411 τὸν
1045 2335 1150 2427 λόγον
1183 2341 1247 2426 ἔφη
1279 2334 1325 2407 δι’
1359 2329 1410 2407 ιύν
1439 2343 1639 2426 παρεθέμην

327 2432 433 2507 αὐτοῦ
455 2442 603 2522 φωνῶν·
624 2444 678 2507 καὶ
702 2437 816 2527 ἐπειδὴ
840 2434 1081 2524 ἀποπέφανται
1103 2432 1122 2509 6
1144 2433 1248 2520 αύτός
1270 2437 1326 2509 διὰ
1348 2443 1421 2507 τοῦν
1443 2438 1640 2525 ἔμπροσθεν

274 2554 308 2608 20
326 2532 374 2617 σός
396 2531 504 2619 οὐδεὶς
525 2534 670 2608 έδύνατο
692 2535 756 2607 τὸν
778 2536 864 2608 θεὸν
885 2540 1007 2609 εἰδέναι
1029 2533 1108 2609 οῦδὲ
1129 2536 1194 2608 τόν
1215 2535 1320 2624 λόγον
1335 2544 1512 2625 γνωρίζειν
1532 2532 1641 2606 αύτοῦ

325 2633 419 2723 εἰμὴ
443 2635 508 2725 τήν
530 2632 644 2706 εἰκόνα
666 2633 796 2724 εἰλήφει
826 2642 889 2709 τοῦ
920 2634 1070 2723 άοράτου
1091 2642 1189 2720 θεοῦ,
1223 2635 1350 2726 δηλαδή
1373 2635 1438 2725 τήν
1459 2631 1568 2722 σάρκα
1590 2631 1641 2718 ως

326 2730 428 2818 αύτός
449 2736 515 2824 έφη
537 2733 604 2821 (διὰ
625 2730 731 2824 μόνης
752 2734 814 2825 γὰρ
836 2741 898 2825 τῆς
913 2731 1043 2818 εἰκόνος
1059 2742 1282 2824 γνωρίζεσθαι
1303 2734 1368 2808 τόν
1389 2732 1474 2807 θεόν
1496 2741 1552 2805 καὶ
1574 2731 1678 2804 τὸν5

326 2831 453 2905 τούτου
475 2830 582 2921 λόγον
612 2840 813 2918 διετείνατο,
845 2833 910 2923 τὴν
930 2832 1036 2925 σάρκα
1058 2841 1168 2923 λέγων
1190 2836 1275 2907 εἰναι
1297 2834 1363 2923 τήν
1385 2831 1528 2921 εἰκόνα),
1553 2831 1640 2906 ύπο·

325 2940 494 3022 μνηστέον
516 2932 570 3005 διὰ
592 2939 666 3005 τοῦν
687 2939 922 3023 προκειμένων
937 2931 985 3017 ως
1002 2942 1077 3024 δίχα
1099 2941 1160 3024 τῆς
1174 2931 1340 3021 ένσάρκου
1356 2940 1544 3020 παρουσίας
1559 2928 1640 3004 ’Iov-

274 3052 308 3105 25
326 3039 414 3105 δαῖοι
436 3030 564 3116 πάντες
585 3031 650 3104 τὸν
671 3029 774 3121 λόγον
795 3039 859 3104 τοῦ
880 3039 966 3105 θεοῦ
986 3043 1043 3106 καί
1064 3034 1145 3116 τούς
1167 3029 1291 3121 λόγους
1312 3032 1393 3115 τούς
1407 3038 1444 3104 έν
1460 3051 1534 3116 ταῖς
1555 3060 1639 3120 προ·

326 3153 486 3223 φητικαῖς
506 3150 650 3221 γραφαῖς
671 3140 745 3203 τῶν
767 3127 872 3203 όσίων
895 3136 1003 3222 έργων
1024 3132 1310 3221 παραγγελτικούς
1331 3128 1477 3220 ἀκριβοῦς
1503 3128 1639 3219 ήδεσαν,

325 3237 361 3318 ἐξ
383 3228 528 3304 ἁπαλῶν
555 3238 560 3320 Ι
593 3227 729 3320 ὀνύχων
749 3231 894 3315 τούτους
914 3238 1221 3321 καταμελετῶντες,
1252 3239 1309 3302 καί
1340 3230 1404 3303 τόν
1435 3229 1519 3303 θεὸν
1549 3228 1639 3320 ‹6110-
1659 3243 1724 3299 145

326 3328 451 3420 λόγουν
484 3329 547 3403 τὸν
574 3328 721 3402 πάντων
751 3331 900 3422 ποιητήν
928 3341 984 3403 καὶ
1014 3328 1233 3420 δημιουργόν,
1265 3328 1380 3419 οἵσπερ
1410 3324 1473 3403 σύν
1501 3340 1558 3403 καὶ
1584 3326 1640 3420 (6)

327 3431 537 3520 γραμματεύς
559 3426 577 3502 ὁ
600 3426 642 3501 δι’
664 3424 768 3519 ὅρκου
789 3429 1012 3519 πιστούμενος
1034 3438 1149 3503 τοῦτο.

275 3550 309 3602 30
409 3537 519 3602 ταῦτα
543 3535 604 3620 μὲν
625 3522 687 3601 σύν
709 3535 755 3610 εἰς
777 3526 949 3615 ἀπόδειξιν
975 3537 1039 3602 τοῦ
1060 3538 1278 3617 Σαβελλίζειν
1308 3527 1372 3602 τόν
1402 3527 1518 3619 ἄνδρα.
1563 3527 1674 3618 ω’ραθ

327 3636 362 3700 δέ
385 3628 509 3702 λοιπόν
530 3633 688 3702 ἐπελθεῖν
709 3637 765 3700 καὶ
780 3626 819 3711 ἃς
840 3637 1023 3717 πεποίηται
1038 3627 1266 3718 διαστρόφους
1281 3637 1355 3700 τῶν
1370 3635 1479 3700 θείων
1493 3637 1640 3717 γραφῶν

327 3731 510 3819 ἑρμηνείας,
533 3725 581 3811 σός
603 3725 644 3799 ἂν
666 3726 773 3817 μάθοι
794 3734 861 3810 πᾶς
883 3735 957 3798 των
978 3727 1041 3799 τόν
1063 3727 1170 3816 ἄνδρα
1190 3728 1373 3817 τιμοόντων
1396 3723 1451 3799 ότι
1472 3729 1518 3818 μή
1532 3726 1640 3818 μόνης

328 3836 389 3917 τῆς
411 3824 519 3917 όρθής
541 3824 779 3916 παρεξετράπη
800 3836 956 3912 πίστεως,
980 3824 1143 3899 ἀλλὰκαὶ
1166 3834 1227 3918 τῆς
1249 3823 1362 3917 ύγιοῦς
1377 3836 1452 3899 τῶν
1473 3828 1640 3901 θεοπνεύ-

328 3953 422 3999 στων
444 3932 589 4016 γραφῶν
611 3924 793 4012 ἐντεύξεως
814 3956 852 3997 τε
873 3935 929 3999 καί
950 3934 1107 4015 θεωρίας.

412 4212 509 4268 2J0h.
528 4216 552 4279 1,
571 4217 585 4267 1
609 4242 641 4253 -
660 4212 711 4268 46
725 4212 781 4282 vgl.
798 4213 844 4266 Nr.
861 4216 894 4267 41
913 4242 946 4253 -
965 4212 1016 4269 θίί
1039 4211 1095 4282 vgl.
1113 4213 1160 4267 Nr.
1178 4213 1254 4269 68-
1272 4212 1360 4267 Mark.
1379 4214 1421 4279 12,
1440 4212 1507 4270 286.
1524 4214 1587 4268 Par.
1605 4243 1640 4253 —

329 4316 368 4370 10
384 4316 485 4369 Matssh.
503 4314 545 4377 23,
563 4316 596 4370 13
614 4331 678 4368 usw.
697 4344 731 4353 -
750 4315 788 4369 12
806 4313 893 4367 Mark.
913 4314 952 4380 12,
971 4315 1005 4368 32
1026 4344 1060 4353 -
1090 4313 1129 4369 18
1146 4314 1207 4368 Jak.
1226 4315 1250 4382 2,
1269 4316 1303 4369 19
1328 4344 1362 4353 —
1390 4315 1522 4384 181ng
1539 4314 1587 4369 Nr.
1605 4316 1640 4371 38

328 4444 361 4455 -
380 4415 522 4484 1911ng
539 4414 585 4469 Nr.
602 4414 644 4469 82.
662 4416 696 4471 83
715 4444 748 4453 -
768 4413 971 4477 26Mark.12.
990 4416 1055 4473 2811.
1074 4415 1136 4470 Par.
1154 4445 1188 4454 -
1207 4415 1246 4471 82
1264 4415 1365 4485 ng‘S.
1384 4415 1487 4484 58,15.
1516 4417 1612 4484 80,18

414 4660 480 4717 θδὲ
499 4660 622 4733 ὁρίζεται
640 4664 689 4729 V*,
708 4680 776 4718 corr.
795 4663 833 4714 V²
860 4666 864 4731 Ι
895 4664 932 4720 18
951 4659 1113 4719 ἐπικόπτων
1131 4664 1184 4719 We
1206 4664 1262 4735 vgl.
1280 4665 1407 4734 Register
1439 4667 1444 4733 Ι
1477 4664 1517 4721 28
1541 4663 1611 4720 6Kl
