<?xml version="1.0" encoding="UTF-8"?>
<!DOCTYPE html PUBLIC "-//W3C//DTD XHTML 1.0 Transitional//EN"
    "http://www.w3.org/TR/xhtml1/DTD/xhtml1-transitional.dtd">
<html xmlns="http://www.w3.org/1999/xhtml" xml:lang="en" lang="en">
 <head>
  <title>
</title>
<meta http-equiv="Content-Type" content="text/html;charset=utf-8" />
  <meta name='ocr-system' content='tesseract 3.04.00' />
  <meta name='ocr-capabilities' content='ocr_page ocr_carea ocr_par ocr_line ocrx_word'/>
</head>
<body>
  <div class='ocr_page' id='page_1' title='image "./diegriechischen01religoog/diegriechischen01religoog_0248.png"; bbox 0 0 3674 5506; ppageno 0'>
   <div class='ocr_carea' id='block_1_1' title="bbox 343 453 1065 525">
    <p class='ocr_par' dir='ltr' id='par_1_1' title="bbox 343 453 1065 525">
     <span class='ocr_line' id='line_1_1' title="bbox 343 453 1065 525; baseline -0.003 -16"><span class='ocrx_word' id='word_1_1' title='bbox 343 463 402 525; x_wconf 77' lang='lat'><em>198</em></span> <span class='ocrx_word' id='word_1_2' title='bbox 931 453 1065 510; x_wconf 68' lang='lat' dir='ltr'>Eusebius</span> 
     </span>
    </p>
   </div>
   <div class='ocr_carea' id='block_1_2' title="bbox 276 613 1649 1543">
    <p class='ocr_par' dir='ltr' id='par_1_2' title="bbox 276 613 1649 1543">
     <span class='ocr_line' id='line_1_2' title="bbox 340 613 1642 694; baseline 0.002 -17"><span class='ocrx_word' id='word_1_3' title='bbox 340 623 462 691; x_wconf 76' lang='grc' dir='ltr'><em>λήψεται</em></span> <span class='ocrx_word' id='word_1_4' title='bbox 487 624 536 677; x_wconf 85' lang='grc' dir='ltr'><em>καλ</em></span> <span class='ocrx_word' id='word_1_5' title='bbox 564 618 720 692; x_wconf 78' lang='grc' dir='ltr'><em>ἀναγγελεῖ</em></span> <span class='ocrx_word' id='word_1_6' title='bbox 743 617 837 689; x_wconf 73' lang='grc' dir='ltr'><em>ύμῖνι,</em></span> <span class='ocrx_word' id='word_1_7' title='bbox 866 613 919 678; x_wconf 84' lang='grc' dir='ltr'><em>οάκ</em></span> <span class='ocrx_word' id='word_1_8' title='bbox 940 614 998 691; x_wconf 86' lang='grc' dir='ltr'><em>άρα</em></span> <span class='ocrx_word' id='word_1_9' title='bbox 1021 619 1163 692; x_wconf 90' lang='grc' dir='ltr'><em>πρόδηλόν</em></span> <span class='ocrx_word' id='word_1_10' title='bbox 1191 619 1266 678; x_wconf 87' lang='grc' dir='ltr'><em>ἐστιν</em></span> <span class='ocrx_word' id='word_1_11' title='bbox 1291 622 1487 694; x_wconf 77' lang='grc' dir='ltr'><em>κεκρυμμένον</em></span> <span class='ocrx_word' id='word_1_12' title='bbox 1512 620 1642 679; x_wconf 82' lang='grc' dir='ltr'><em>ἀνακαλύ·</em></span> 
     </span>
     <span class='ocr_line' id='line_1_3' title="bbox 342 700 1644 777; baseline 0.002 -16"><span class='ocrx_word' id='word_1_13' title='bbox 342 707 467 762; x_wconf 86' lang='grc' dir='ltr'><em>πτεσθαί</em></span> <span class='ocrx_word' id='word_1_14' title='bbox 482 724 510 761; x_wconf 93' lang='grc' dir='ltr'><em>τι</em></span> <span class='ocrx_word' id='word_1_15' title='bbox 520 707 687 777; x_wconf 73' lang='grc' dir='ltr'><em>μυστήριον,</em></span> <span class='ocrx_word' id='word_1_16' title='bbox 704 712 765 770; x_wconf 85' lang='grc' dir='ltr'><em>πῶς</em></span> <span class='ocrx_word' id='word_1_17' title='bbox 784 702 848 775; x_wconf 90' lang='grc' dir='ltr'><em>γάρ,</em></span> <span class='ocrx_word' id='word_1_18' title='bbox 866 702 893 760; x_wconf 88' lang='grc' dir='ltr'><em>εί</em></span> <span class='ocrx_word' id='word_1_19' title='bbox 909 706 947 773; x_wconf 86' lang='grc' dir='ltr'><em>μι)</em></span> <span class='ocrx_word' id='word_1_20' title='bbox 966 705 982 774; x_wconf 79' lang='grc' dir='ltr'><em>η</em></span> <span class='ocrx_word' id='word_1_21' title='bbox 1001 704 1093 773; x_wconf 87' lang='grc' dir='ltr'><em>μονάς</em></span> <span class='ocrx_word' id='word_1_22' title='bbox 1109 702 1270 777; x_wconf 86' lang='grc' dir='ltr'><em>ἀδιαίρετος</em></span> <span class='ocrx_word' id='word_1_23' title='bbox 1287 700 1359 763; x_wconf 85' lang='grc' dir='ltr'><em>ούσα</em></span> <span class='ocrx_word' id='word_1_24' title='bbox 1376 705 1416 774; x_wconf 83' lang='grc' dir='ltr'><em>είς</em></span> <span class='ocrx_word' id='word_1_25' title='bbox 1434 706 1531 777; x_wconf 94' lang='grc' dir='ltr'><em>τριάδα</em></span> <span class='ocrx_word' id='word_1_26' title='bbox 1548 709 1644 764; x_wconf 80' lang='grc' dir='ltr'><em>πλατύ·</em></span> 
     </span>
     <span class='ocr_line' id='line_1_4' title="bbox 341 783 1645 862; baseline 0.003 -18"><span class='ocrx_word' id='word_1_27' title='bbox 341 809 434 857; x_wconf 92' lang='grc' dir='ltr'><em>νοιτο,</em></span> <span class='ocrx_word' id='word_1_28' title='bbox 460 787 584 861; x_wconf 75' lang='grc' dir='ltr'><em>ἐγχωρεῖ</em></span> <span class='ocrx_word' id='word_1_29' title='bbox 607 783 698 845; x_wconf 87' lang='grc' dir='ltr'><em>αύτδν</em></span> <span class='ocrx_word' id='word_1_30' title='bbox 724 790 790 859; x_wconf 89' lang='grc' dir='ltr'><em>περλ</em></span> <span class='ocrx_word' id='word_1_31' title='bbox 815 796 868 844; x_wconf 85' lang='grc' dir='ltr'><em>τοῦ</em></span> <span class='ocrx_word' id='word_1_32' title='bbox 893 786 1056 857; x_wconf 89' lang='grc' dir='ltr'><em>πνεύματος</em></span> <span class='ocrx_word' id='word_1_33' title='bbox 1080 790 1153 846; x_wconf 75' lang='grc' dir='ltr'><em>ποτὲ</em></span> <span class='ocrx_word' id='word_1_34' title='bbox 1173 791 1227 860; x_wconf 73' lang='grc' dir='ltr'><em>μὲν</em></span> <span class='ocrx_word' id='word_1_35' title='bbox 1249 790 1342 862; x_wconf 87' lang='grc' dir='ltr'><em>λέγειν</em></span> <span class='ocrx_word' id='word_1_36' title='bbox 1365 786 1407 847; x_wconf 88' lang='grc' dir='ltr'><em>ότι</em></span> <span class='ocrx_word' id='word_1_37' title='bbox 1426 788 1458 847; x_wconf 93' lang='grc' dir='ltr'><em>ἐκ</em></span> <span class='ocrx_word' id='word_1_38' title='bbox 1475 800 1526 847; x_wconf 77' lang='grc' dir='ltr'><em>τοῦ</em></span> <span class='ocrx_word' id='word_1_39' title='bbox 1542 789 1645 862; x_wconf 87' lang='grc' dir='ltr'><em>πατρύς</em></span> 
     </span>
     <span class='ocr_line' id='line_1_5' title="bbox 340 870 1645 946; baseline 0.001 -16"><span class='ocrx_word' id='word_1_40' title='bbox 340 871 542 945; x_wconf 86' lang='grc' dir='ltr'><em>·έκπορεύεται,</em></span> <span class='ocrx_word' id='word_1_41' title='bbox 569 871 641 929; x_wconf 73' lang='grc' dir='ltr'><em>ποτὲ</em></span> <span class='ocrx_word' id='word_1_42' title='bbox 666 872 697 929; x_wconf 79' lang='grc' dir='ltr'><em>δέ</em></span> <span class='ocrx_word' id='word_1_43' title='bbox 717 873 809 944; x_wconf 88' lang='grc' dir='ltr'><em>λέγειν</em></span> <span class='ocrx_word' id='word_1_44' title='bbox 833 870 957 939; x_wconf 82' lang='grc' dir='ltr'><em>»ἐκεῖνος</em></span> <span class='ocrx_word' id='word_1_45' title='bbox 974 870 1007 930; x_wconf 93' lang='grc' dir='ltr'><em>ἐκ</em></span> <span class='ocrx_word' id='word_1_46' title='bbox 1024 881 1075 929; x_wconf 77' lang='grc' dir='ltr'><em>τοῦ</em></span> <span class='ocrx_word' id='word_1_47' title='bbox 1093 871 1163 943; x_wconf 75' lang='grc' dir='ltr'><em>ἐμοῦ</em></span> <span class='ocrx_word' id='word_1_48' title='bbox 1180 877 1301 946; x_wconf 81' lang='grc' dir='ltr'><em>ληφεται</em></span> <span class='ocrx_word' id='word_1_49' title='bbox 1326 879 1374 932; x_wconf 86' lang='grc' dir='ltr'><em>καί</em></span> <span class='ocrx_word' id='word_1_50' title='bbox 1392 874 1546 946; x_wconf 78' lang='grc' dir='ltr'><em>ἀναγγελεῖ</em></span> <span class='ocrx_word' id='word_1_51' title='bbox 1559 872 1645 945; x_wconf 76' lang='grc' dir='ltr'><em>ύμῖνι,</em></span> 
     </span>
     <span class='ocr_line' id='line_1_6' title="bbox 310 951 1644 1031; baseline 0.002 -17"><span class='ocrx_word' id='word_1_52' title='bbox 310 953 326 1006; x_wconf 85' lang='grc'>5</span> <span class='ocrx_word' id='word_1_53' title='bbox 344 951 427 1023; x_wconf 79' lang='grc' dir='ltr'><em>αὖθίς</em></span> <span class='ocrx_word' id='word_1_54' title='bbox 444 976 475 1015; x_wconf 89' lang='grc' dir='ltr'><em>τε</em></span> <span class='ocrx_word' id='word_1_55' title='bbox 491 955 695 1028; x_wconf 78' lang='grc' dir='ltr'><em>ἐμφυσήσαντα</em></span> <span class='ocrx_word' id='word_1_56' title='bbox 712 965 772 1023; x_wconf 84' lang='grc' dir='ltr'><em>τοῖς</em></span> <span class='ocrx_word' id='word_1_57' title='bbox 789 962 933 1027; x_wconf 88' lang='grc' dir='ltr'><em>μαθηταῖς</em></span> <span class='ocrx_word' id='word_1_58' title='bbox 952 957 1067 1031; x_wconf 77' lang='grc' dir='ltr'><em>»λάβετε</em></span> <span class='ocrx_word' id='word_1_59' title='bbox 1086 966 1198 1028; x_wconf 82' lang='grc' dir='ltr'><em>πνεῦμα</em></span> <span class='ocrx_word' id='word_1_60' title='bbox 1216 954 1314 1029; x_wconf 69' lang='grc' dir='ltr'><em>άγιονι</em></span> <span class='ocrx_word' id='word_1_61' title='bbox 1334 958 1489 1030; x_wconf 83' lang='grc' dir='ltr'><em>είρηκέναι;</em></span> <span class='ocrx_word' id='word_1_62' title='bbox 1515 967 1575 1026; x_wconf 85' lang='grc' dir='ltr'><em>πῶς</em></span> <span class='ocrx_word' id='word_1_63' title='bbox 1591 961 1644 1031; x_wconf 88' lang='grc' dir='ltr'><em>γάρ</em></span> 
     </span>
     <span class='ocr_line' id='line_1_7' title="bbox 344 1038 1649 1119; baseline 0.001 -19"><span class='ocrx_word' id='word_1_64' title='bbox 344 1039 419 1100; x_wconf 84' lang='grc' dir='ltr'><em>εἰέκ</em></span> <span class='ocrx_word' id='word_1_65' title='bbox 436 1051 487 1098; x_wconf 85' lang='grc' dir='ltr'><em>τοῦ</em></span> <span class='ocrx_word' id='word_1_66' title='bbox 504 1043 614 1115; x_wconf 83' lang='grc' dir='ltr'><em>πατρὸς</em></span> <span class='ocrx_word' id='word_1_67' title='bbox 636 1040 823 1113; x_wconf 76' lang='grc' dir='ltr'><em>ἐκπορεύεται</em></span> <span class='ocrx_word' id='word_1_68' title='bbox 849 1043 928 1109; x_wconf 89' lang='grc' dir='ltr'><em>παρά</em></span> <span class='ocrx_word' id='word_1_69' title='bbox 954 1050 1006 1098; x_wconf 87' lang='grc' dir='ltr'><em>τοῦ</em></span> <span class='ocrx_word' id='word_1_70' title='bbox 1033 1038 1095 1097; x_wconf 84' lang='grc' dir='ltr'><em>υίοῦ</em></span> <span class='ocrx_word' id='word_1_71' title='bbox 1122 1044 1171 1111; x_wconf 72' lang='grc' dir='ltr'><em>την</em></span> <span class='ocrx_word' id='word_1_72' title='bbox 1197 1045 1344 1100; x_wconf 86' lang='grc' dir='ltr'><em>διακονίαν</em></span> <span class='ocrx_word' id='word_1_73' title='bbox 1366 1043 1470 1113; x_wconf 78' lang='grc' dir='ltr'><em>ταύτην</em></span> <span class='ocrx_word' id='word_1_74' title='bbox 1496 1044 1649 1119; x_wconf 80' lang='grc' dir='ltr'><em>λαμβάνειν·</em></span> 
     </span>
     <span class='ocr_line' id='line_1_8' title="bbox 344 1123 1645 1201; baseline 0.002 -19"><span class='ocrx_word' id='word_1_75' title='bbox 344 1123 560 1198; x_wconf 72' lang='grc' dir='ltr'><em>έπαγγέλλεταιι</em></span> <span class='ocrx_word' id='word_1_76' title='bbox 587 1124 698 1197; x_wconf 81' lang='grc' dir='ltr'><em>ἀνάγκη</em></span> <span class='ocrx_word' id='word_1_77' title='bbox 721 1124 776 1198; x_wconf 86' lang='grc' dir='ltr'><em>γάρ</em></span> <span class='ocrx_word' id='word_1_78' title='bbox 795 1123 823 1182; x_wconf 86' lang='grc' dir='ltr'><em>εί</em></span> <span class='ocrx_word' id='word_1_79' title='bbox 838 1125 897 1182; x_wconf 89' lang='grc' dir='ltr'><em>δύο</em></span> <span class='ocrx_word' id='word_1_80' title='bbox 915 1126 1156 1199; x_wconf 80' lang='grc' dir='ltr'><em>διαιρούμενα,</em></span> <span class='ocrx_word' id='word_1_81' title='bbox 1181 1123 1221 1193; x_wconf 86' lang='grc' dir='ltr'><em>ίσς</em></span> <span class='ocrx_word' id='word_1_82' title='bbox 1238 1123 1375 1201; x_wconf 78' lang='grc' dir='ltr'><em>Ἀστέριος</em></span> <span class='ocrx_word' id='word_1_83' title='bbox 1396 1123 1462 1199; x_wconf 81' lang='grc' dir='ltr'><em>ἔφη,</em></span> <span class='ocrx_word' id='word_1_84' title='bbox 1485 1129 1645 1201; x_wconf 88' lang='grc' dir='ltr'><em>πρόσωπα</em></span> 
     </span>
     <span class='ocr_line' id='line_1_9' title="bbox 276 1208 1647 1287; baseline 0.001 -19"><span class='ocrx_word' id='word_1_85' title='bbox 276 1282 279 1287; x_wconf 25' lang='lat'>¹</span> <span class='ocrx_word' id='word_1_86' title='bbox 343 1208 400 1281; x_wconf 79' lang='grc' dir='ltr'><em>εἴη,</em></span> <span class='ocrx_word' id='word_1_87' title='bbox 426 1210 444 1281; x_wconf 72' lang='grc' dir='ltr'><em>ἢ</em></span> <span class='ocrx_word' id='word_1_88' title='bbox 469 1210 502 1268; x_wconf 87' lang='grc' dir='ltr'><em>τύ</em></span> <span class='ocrx_word' id='word_1_89' title='bbox 520 1219 632 1281; x_wconf 79' lang='grc' dir='ltr'><em>πνεῦμα</em></span> <span class='ocrx_word' id='word_1_90' title='bbox 656 1208 689 1268; x_wconf 90' lang='grc' dir='ltr'><em>ἐκ</em></span> <span class='ocrx_word' id='word_1_91' title='bbox 705 1217 757 1266; x_wconf 83' lang='grc' dir='ltr'><em>τοῦ</em></span> <span class='ocrx_word' id='word_1_92' title='bbox 774 1209 883 1285; x_wconf 80' lang='grc' dir='ltr'><em>πατρὸς</em></span> <span class='ocrx_word' id='word_1_93' title='bbox 904 1208 1136 1280; x_wconf 79' lang='grc' dir='ltr'><em>ἐκπορευόμενον</em></span> <span class='ocrx_word' id='word_1_94' title='bbox 1161 1214 1199 1281; x_wconf 87' lang='grc' dir='ltr'><em>μι)</em></span> <span class='ocrx_word' id='word_1_95' title='bbox 1222 1215 1332 1269; x_wconf 85' lang='grc' dir='ltr'><em>δεῖσθαι</em></span> <span class='ocrx_word' id='word_1_96' title='bbox 1355 1219 1404 1283; x_wconf 84' lang='grc' dir='ltr'><em>τῆς</em></span> <span class='ocrx_word' id='word_1_97' title='bbox 1420 1212 1499 1283; x_wconf 86' lang='grc' dir='ltr'><em>παρά</em></span> <span class='ocrx_word' id='word_1_98' title='bbox 1521 1222 1572 1270; x_wconf 85' lang='grc' dir='ltr'><em>τοῦ</em></span> <span class='ocrx_word' id='word_1_99' title='bbox 1588 1212 1647 1269; x_wconf 80' lang='grc' dir='ltr'><em>υίοῦ</em></span> 
     </span>
     <span class='ocr_line' id='line_1_10' title="bbox 343 1290 1647 1369; baseline 0 -17"><span class='ocrx_word' id='word_1_100' title='bbox 343 1298 488 1362; x_wconf 77' lang='grc' dir='ltr'><em>διακονίας</em></span> <span class='ocrx_word' id='word_1_101' title='bbox 509 1298 577 1359; x_wconf 86' lang='grc' dir='ltr'><em>(πᾶν</em></span> <span class='ocrx_word' id='word_1_102' title='bbox 600 1294 657 1369; x_wconf 88' lang='grc' dir='ltr'><em>γάρ</em></span> <span class='ocrx_word' id='word_1_103' title='bbox 675 1292 709 1352; x_wconf 84' lang='grc' dir='ltr'><em>τὸ</em></span> <span class='ocrx_word' id='word_1_104' title='bbox 728 1291 761 1351; x_wconf 93' lang='grc' dir='ltr'><em>ἐκ</em></span> <span class='ocrx_word' id='word_1_105' title='bbox 778 1293 888 1368; x_wconf 89' lang='grc' dir='ltr'><em>πατρός</em></span> <span class='ocrx_word' id='word_1_106' title='bbox 905 1292 1134 1367; x_wconf 77' lang='grc' dir='ltr'><em>ἐκπορευόμενον</em></span> <span class='ocrx_word' id='word_1_107' title='bbox 1151 1294 1260 1352; x_wconf 88' lang='grc' dir='ltr'><em>τέλειον</em></span> <span class='ocrx_word' id='word_1_108' title='bbox 1282 1290 1356 1353; x_wconf 81' lang='grc' dir='ltr'><em>εἶναι</em></span> <span class='ocrx_word' id='word_1_109' title='bbox 1373 1295 1498 1369; x_wconf 87' lang='grc' dir='ltr'><em>ἀνάγκη,</em></span> <span class='ocrx_word' id='word_1_110' title='bbox 1515 1301 1647 1368; x_wconf 80' lang='grc' dir='ltr'><em>μηδαμῶς</em></span> 
     </span>
     <span class='ocr_line' id='line_1_11' title="bbox 293 1372 1648 1456; baseline -0.001 -18"><span class='ocrx_word' id='word_1_111' title='bbox 293 1378 326 1431; x_wconf 86' lang='grc'><em>10</em></span> <span class='ocrx_word' id='word_1_112' title='bbox 343 1382 556 1451; x_wconf 79' lang='grc' dir='ltr'><em>προσδεόμενον</em></span> <span class='ocrx_word' id='word_1_113' title='bbox 574 1387 624 1449; x_wconf 83' lang='grc' dir='ltr'><em>τῆς</em></span> <span class='ocrx_word' id='word_1_114' title='bbox 640 1372 710 1451; x_wconf 78' lang='grc' dir='ltr'><em>παρ’</em></span> <span class='ocrx_word' id='word_1_115' title='bbox 726 1374 826 1449; x_wconf 73' lang='grc' dir='ltr'><em>ἑτέρου</em></span> <span class='ocrx_word' id='word_1_116' title='bbox 842 1381 1001 1449; x_wconf 86' lang='grc' dir='ltr'><em>βοηθείας),</em></span> <span class='ocrx_word' id='word_1_117' title='bbox 1028 1377 1057 1448; x_wconf 77' lang='grc' dir='ltr'><em>ἦ,</em></span> <span class='ocrx_word' id='word_1_118' title='bbox 1084 1377 1112 1436; x_wconf 85' lang='grc' dir='ltr'><em>εἰ</em></span> <span class='ocrx_word' id='word_1_119' title='bbox 1136 1379 1214 1449; x_wconf 84' lang='grc' dir='ltr'><em>παρὰ</em></span> <span class='ocrx_word' id='word_1_120' title='bbox 1236 1388 1288 1436; x_wconf 88' lang='grc' dir='ltr'><em>τοῦ</em></span> <span class='ocrx_word' id='word_1_121' title='bbox 1310 1378 1372 1437; x_wconf 82' lang='grc' dir='ltr'><em>υίοῦ</em></span> <span class='ocrx_word' id='word_1_122' title='bbox 1393 1382 1537 1456; x_wconf 89' lang='grc' dir='ltr'><em>λαμβάνοι</em></span> <span class='ocrx_word' id='word_1_123' title='bbox 1553 1385 1601 1439; x_wconf 84' lang='grc' dir='ltr'><em>καί</em></span> <span class='ocrx_word' id='word_1_124' title='bbox 1617 1379 1648 1437; x_wconf 88' lang='grc' dir='ltr'><em>ἐκ</em></span> 
     </span>
     <span class='ocr_line' id='line_1_12' title="bbox 343 1461 1615 1543; baseline -0.003 -20"><span class='ocrx_word' id='word_1_125' title='bbox 343 1473 393 1535; x_wconf 84' lang='grc' dir='ltr'><em>τῆς</em></span> <span class='ocrx_word' id='word_1_126' title='bbox 410 1464 519 1523; x_wconf 88' lang='grc' dir='ltr'><em>ἐκείνου</em></span> <span class='ocrx_word' id='word_1_127' title='bbox 536 1464 682 1543; x_wconf 84' lang='grc' dir='ltr'><em>δυνάμεως</em></span> <span class='ocrx_word' id='word_1_128' title='bbox 699 1463 845 1533; x_wconf 90' lang='grc' dir='ltr'><em>διακσνσίη</em></span> <span class='ocrx_word' id='word_1_129' title='bbox 862 1465 913 1531; x_wconf 75' lang='grc' dir='ltr'><em>τὴν</em></span> <span class='ocrx_word' id='word_1_130' title='bbox 929 1462 1021 1535; x_wconf 82' lang='grc' dir='ltr'><em>χάριν,</em></span> <span class='ocrx_word' id='word_1_131' title='bbox 1039 1463 1139 1533; x_wconf 81' lang='grc' dir='ltr'><em>μηκέτι</em></span> <span class='ocrx_word' id='word_1_132' title='bbox 1157 1461 1189 1520; x_wconf 89' lang='grc' dir='ltr'><em>ἐκ</em></span> <span class='ocrx_word' id='word_1_133' title='bbox 1205 1471 1258 1520; x_wconf 81' lang='grc' dir='ltr'><em>τοῦ</em></span> <span class='ocrx_word' id='word_1_134' title='bbox 1276 1465 1384 1536; x_wconf 89' lang='grc' dir='ltr'><em>πατρός</em></span> <span class='ocrx_word' id='word_1_135' title='bbox 1401 1464 1615 1539; x_wconf 75' lang='grc' dir='ltr'><em>ἐκπορεύεσθαι.</em></span> 
     </span>
    </p>
   </div>
   <div class='ocr_carea' id='block_1_3' title="bbox 343 1627 1651 1874">
    <p class='ocr_par' dir='ltr' id='par_1_3' title="bbox 343 1627 1651 1874">
     <span class='ocr_line' id='line_1_13' title="bbox 429 1627 1648 1705; baseline 0.004 -21"><span class='ocrx_word' id='word_1_136' title='bbox 429 1632 474 1687; x_wconf 90' lang='grc' dir='ltr'><em>Νι,</em></span> <span class='ocrx_word' id='word_1_137' title='bbox 493 1632 527 1686; x_wconf 87' lang='grc'>68</span> <span class='ocrx_word' id='word_1_138' title='bbox 545 1632 595 1698; x_wconf 75' lang='lat' dir='ltr'><em>(Re</em></span> <span class='ocrx_word' id='word_1_139' title='bbox 612 1634 656 1699; x_wconf 84' lang='lat'><em>50)</em></span> <span class='ocrx_word' id='word_1_140' title='bbox 683 1628 710 1687; x_wconf 85' lang='grc' dir='ltr'><em>εί</em></span> <span class='ocrx_word' id='word_1_141' title='bbox 734 1630 765 1688; x_wconf 81' lang='grc' dir='ltr'><em>δέ</em></span> <span class='ocrx_word' id='word_1_142' title='bbox 785 1628 819 1686; x_wconf 88' lang='grc' dir='ltr'><em>τδ</em></span> <span class='ocrx_word' id='word_1_143' title='bbox 839 1627 1012 1702; x_wconf 81' lang='grc' dir='ltr'><em>Εύαγγέλιον</em></span> <span class='ocrx_word' id='word_1_144' title='bbox 1036 1627 1080 1686; x_wconf 78' lang='grc' dir='ltr'><em>ὅτι</em></span> <span class='ocrx_word' id='word_1_145' title='bbox 1103 1628 1268 1701; x_wconf 75' lang='grc' dir='ltr'><em>ἐμφυσήσας</em></span> <span class='ocrx_word' id='word_1_146' title='bbox 1284 1638 1345 1697; x_wconf 85' lang='grc' dir='ltr'><em>τοῖς</em></span> <span class='ocrx_word' id='word_1_147' title='bbox 1360 1636 1509 1701; x_wconf 76' lang='grc' dir='ltr'><em>μαθηταῖς</em></span> <span class='ocrx_word' id='word_1_148' title='bbox 1537 1631 1648 1705; x_wconf 81' lang='grc' dir='ltr'><em>»λάβετε</em></span> 
     </span>
     <span class='ocr_line' id='line_1_14' title="bbox 343 1709 1651 1787; baseline -0.001 -15"><span class='ocrx_word' id='word_1_149' title='bbox 343 1723 454 1784; x_wconf 82' lang='grc' dir='ltr'><em>πνεῦμα</em></span> <span class='ocrx_word' id='word_1_150' title='bbox 473 1710 571 1787; x_wconf 76' lang='grc' dir='ltr'><em>άγιονι</em></span> <span class='ocrx_word' id='word_1_151' title='bbox 591 1711 707 1787; x_wconf 66' lang='grc' dir='ltr'><em>ἔφησεν,</em></span> <span class='ocrx_word' id='word_1_152' title='bbox 726 1717 812 1782; x_wconf 84' lang='grc' dir='ltr'><em>δῆλον</em></span> <span class='ocrx_word' id='word_1_153' title='bbox 831 1710 875 1771; x_wconf 85' lang='grc' dir='ltr'><em>6τι</em></span> <span class='ocrx_word' id='word_1_154' title='bbox 892 1712 925 1771; x_wconf 90' lang='grc' dir='ltr'><em>ἐκ</em></span> <span class='ocrx_word' id='word_1_155' title='bbox 942 1722 993 1771; x_wconf 84' lang='grc' dir='ltr'><em>τοῦ</em></span> <span class='ocrx_word' id='word_1_156' title='bbox 1010 1715 1099 1784; x_wconf 86' lang='grc' dir='ltr'><em>λόγου</em></span> <span class='ocrx_word' id='word_1_157' title='bbox 1115 1714 1150 1770; x_wconf 89' lang='grc' dir='ltr'><em>τό</em></span> <span class='ocrx_word' id='word_1_158' title='bbox 1168 1724 1280 1784; x_wconf 78' lang='grc' dir='ltr'><em>πνεῦμα</em></span> <span class='ocrx_word' id='word_1_159' title='bbox 1298 1712 1424 1784; x_wconf 80' lang='grc' dir='ltr'><em>ἐξῆλθεν.</em></span> <span class='ocrx_word' id='word_1_160' title='bbox 1459 1723 1522 1783; x_wconf 80' lang='grc' dir='ltr'><em>πῶς</em></span> <span class='ocrx_word' id='word_1_161' title='bbox 1540 1709 1601 1775; x_wconf 82' lang='grc' dir='ltr'><em>οὖν.</em></span> <span class='ocrx_word' id='word_1_162' title='bbox 1625 1714 1651 1771; x_wconf 85' lang='grc' dir='ltr'><em>εί</em></span> 
     </span>
     <span class='ocr_line' id='line_1_15' title="bbox 343 1794 1606 1874; baseline -0.002 -18"><span class='ocrx_word' id='word_1_163' title='bbox 343 1797 376 1857; x_wconf 84' lang='grc' dir='ltr'><em>ἐκ</em></span> <span class='ocrx_word' id='word_1_164' title='bbox 392 1808 444 1856; x_wconf 83' lang='grc' dir='ltr'><em>τοῦ</em></span> <span class='ocrx_word' id='word_1_165' title='bbox 461 1799 550 1870; x_wconf 88' lang='grc' dir='ltr'><em>λόγον</em></span> <span class='ocrx_word' id='word_1_166' title='bbox 566 1800 599 1856; x_wconf 89' lang='grc' dir='ltr'><em>τδ</em></span> <span class='ocrx_word' id='word_1_167' title='bbox 618 1808 730 1869; x_wconf 86' lang='grc' dir='ltr'><em>πνεῦμα</em></span> <span class='ocrx_word' id='word_1_168' title='bbox 748 1802 902 1872; x_wconf 78' lang='grc' dir='ltr'><em>προῆλθεν.</em></span> <span class='ocrx_word' id='word_1_169' title='bbox 920 1797 1006 1854; x_wconf 88' lang='grc' dir='ltr'><em>πάλιν</em></span> <span class='ocrx_word' id='word_1_170' title='bbox 1024 1797 1057 1853; x_wconf 90' lang='grc' dir='ltr'><em>τό</em></span> <span class='ocrx_word' id='word_1_171' title='bbox 1076 1796 1145 1854; x_wconf 88' lang='grc' dir='ltr'><em>αύτδ</em></span> <span class='ocrx_word' id='word_1_172' title='bbox 1163 1794 1196 1854; x_wconf 86' lang='grc' dir='ltr'><em>ἐκ</em></span> <span class='ocrx_word' id='word_1_173' title='bbox 1212 1808 1263 1855; x_wconf 78' lang='grc' dir='ltr'><em>τοῦ</em></span> <span class='ocrx_word' id='word_1_174' title='bbox 1280 1798 1389 1874; x_wconf 91' lang='grc' dir='ltr'><em>πατρός</em></span> <span class='ocrx_word' id='word_1_175' title='bbox 1406 1797 1606 1870; x_wconf 84' lang='grc' dir='ltr'><em>ἐκπυρεύεται;</em></span> 
     </span>
    </p>
   </div>
   <div class='ocr_carea' id='block_1_4' title="bbox 294 1941 1650 2104">
    <p class='ocr_par' dir='ltr' id='par_1_4' title="bbox 294 1941 1650 2104">
     <span class='ocr_line' id='line_1_16' title="bbox 294 1941 1650 2023; baseline 0.002 -19"><span class='ocrx_word' id='word_1_176' title='bbox 294 1968 327 2021; x_wconf 76' lang='lat'><em>15</em></span> <span class='ocrx_word' id='word_1_177' title='bbox 428 1952 475 2006; x_wconf 89' lang='lat' dir='ltr'><em>Nr.</em></span> <span class='ocrx_word' id='word_1_178' title='bbox 494 1951 526 2005; x_wconf 87' lang='grc'><em>69</em></span> <span class='ocrx_word' id='word_1_179' title='bbox 545 1949 594 2018; x_wconf 82' lang='lat' dir='ltr'><em>(Re</em></span> <span class='ocrx_word' id='word_1_180' title='bbox 611 1952 655 2018; x_wconf 85' lang='lat'><em>50)</em></span> <span class='ocrx_word' id='word_1_181' title='bbox 674 1948 726 2005; x_wconf 87' lang='grc' dir='ltr'><em>σύκ</em></span> <span class='ocrx_word' id='word_1_182' title='bbox 744 1948 840 2021; x_wconf 80' lang='grc' dir='ltr'><em>ὀρθῶς</em></span> <span class='ocrx_word' id='word_1_183' title='bbox 858 1941 909 2004; x_wconf 81' lang='grc' dir='ltr'><em>οὖν</em></span> <span class='ocrx_word' id='word_1_184' title='bbox 929 1947 992 2005; x_wconf 74' lang='grc' dir='ltr'><em>οὐδὲ</em></span> <span class='ocrx_word' id='word_1_185' title='bbox 1014 1949 1218 2020; x_wconf 81' lang='grc' dir='ltr'><em>προσηκόντως</em></span> <span class='ocrx_word' id='word_1_186' title='bbox 1243 1945 1356 2019; x_wconf 84' lang='grc' dir='ltr'><em>είρηκεν</em></span> <span class='ocrx_word' id='word_1_187' title='bbox 1383 1960 1476 2023; x_wconf 90' lang='grc' dir='ltr'><em>τρεῖς</em></span> <span class='ocrx_word' id='word_1_188' title='bbox 1504 1948 1650 2008; x_wconf 89' lang='grc' dir='ltr'><em>ύποστά·</em></span> 
     </span>
     <span class='ocr_line' id='line_1_17' title="bbox 345 2028 1119 2104; baseline -0.003 -14"><span class='ocrx_word' id='word_1_189' title='bbox 345 2051 415 2100; x_wconf 88' lang='grc' dir='ltr'><em>σεις</em></span> <span class='ocrx_word' id='word_1_190' title='bbox 432 2028 524 2090; x_wconf 78' lang='grc' dir='ltr'><em>εἶναι</em></span> <span class='ocrx_word' id='word_1_191' title='bbox 542 2036 634 2104; x_wconf 79' lang='grc' dir='ltr'><em>φήσας</em></span> <span class='ocrx_word' id='word_1_192' title='bbox 652 2030 703 2103; x_wconf 72' lang='grc' dir='ltr'><em>οὐχ</em></span> <span class='ocrx_word' id='word_1_193' title='bbox 721 2028 806 2100; x_wconf 82' lang='grc' dir='ltr'><em>άπαξ,</em></span> <span class='ocrx_word' id='word_1_194' title='bbox 824 2029 896 2089; x_wconf 83' lang='grc' dir='ltr'><em>άλλά</em></span> <span class='ocrx_word' id='word_1_195' title='bbox 914 2036 962 2089; x_wconf 87' lang='grc' dir='ltr'><em>καλ</em></span> <span class='ocrx_word' id='word_1_196' title='bbox 979 2032 1119 2104; x_wconf 81' lang='grc' dir='ltr'><em>δεύτερον.</em></span> 
     </span>
    </p>
   </div>
   <div class='ocr_carea' id='block_1_5' title="bbox 344 2180 1648 2341">
    <p class='ocr_par' dir='ltr' id='par_1_5' title="bbox 344 2180 1648 2341">
     <span class='ocr_line' id='line_1_18' title="bbox 429 2180 1648 2261; baseline 0.002 -23"><span class='ocrx_word' id='word_1_197' title='bbox 429 2185 473 2239; x_wconf 86' lang='grc' dir='ltr'><em>Νι.</em></span> <span class='ocrx_word' id='word_1_198' title='bbox 493 2186 527 2239; x_wconf 91' lang='grc'><em>70</em></span> <span class='ocrx_word' id='word_1_199' title='bbox 543 2185 593 2252; x_wconf 73' lang='grc' dir='ltr'><em>(λλε</em></span> <span class='ocrx_word' id='word_1_200' title='bbox 611 2186 655 2252; x_wconf 87' lang='lat'><em>61)</em></span> <span class='ocrx_word' id='word_1_201' title='bbox 678 2185 728 2251; x_wconf 77' lang='grc' dir='ltr'><em>την</em></span> <span class='ocrx_word' id='word_1_202' title='bbox 745 2180 799 2252; x_wconf 74' lang='grc' dir='ltr'><em>μὲν</em></span> <span class='ocrx_word' id='word_1_203' title='bbox 815 2181 889 2238; x_wconf 84' lang='grc' dir='ltr'><em>κατὰ</em></span> <span class='ocrx_word' id='word_1_204' title='bbox 907 2180 1002 2252; x_wconf 87' lang='grc' dir='ltr'><em>σάρκα</em></span> <span class='ocrx_word' id='word_1_205' title='bbox 1020 2181 1189 2252; x_wconf 72' lang='grc' dir='ltr'><em>οἰκονομίαν</em></span> <span class='ocrx_word' id='word_1_206' title='bbox 1209 2192 1249 2256; x_wconf 78' lang='grc' dir='ltr'><em>τῷ</em></span> <span class='ocrx_word' id='word_1_207' title='bbox 1268 2182 1415 2261; x_wconf 77' lang='grc' dir='ltr'><em>ἀνθρώπῳ</em></span> <span class='ocrx_word' id='word_1_208' title='bbox 1441 2185 1585 2258; x_wconf 78' lang='grc' dir='ltr'><em>διαφέρειν</em></span> <span class='ocrx_word' id='word_1_209' title='bbox 1610 2206 1648 2257; x_wconf 90' lang='grc' dir='ltr'><em>γι·</em></span> 
     </span>
     <span class='ocr_line' id='line_1_19' title="bbox 344 2264 1575 2341; baseline 0.002 -17"><span class='ocrx_word' id='word_1_210' title='bbox 344 2266 520 2340; x_wconf 81' lang='grc' dir='ltr'><em>γνὼσκομεν,</em></span> <span class='ocrx_word' id='word_1_211' title='bbox 537 2270 588 2337; x_wconf 75' lang='grc' dir='ltr'><em>την</em></span> <span class='ocrx_word' id='word_1_212' title='bbox 605 2268 635 2325; x_wconf 77' lang='grc' dir='ltr'><em>δέ</em></span> <span class='ocrx_word' id='word_1_213' title='bbox 651 2267 725 2324; x_wconf 86' lang='grc' dir='ltr'><em>κατὰ</em></span> <span class='ocrx_word' id='word_1_214' title='bbox 743 2274 853 2336; x_wconf 86' lang='grc' dir='ltr'><em>πνεῦμα</em></span> <span class='ocrx_word' id='word_1_215' title='bbox 872 2264 1015 2334; x_wconf 88' lang='grc' dir='ltr'><em>ἀιδιότητα</em></span> <span class='ocrx_word' id='word_1_216' title='bbox 1032 2268 1162 2336; x_wconf 76' lang='grc' dir='ltr'><em>ἡνῶσθαι</em></span> <span class='ocrx_word' id='word_1_217' title='bbox 1179 2275 1219 2341; x_wconf 72' lang='grc' dir='ltr'><em>τῷ</em></span> <span class='ocrx_word' id='word_1_218' title='bbox 1236 2270 1323 2339; x_wconf 81' lang='grc' dir='ltr'><em>πατρί</em></span> <span class='ocrx_word' id='word_1_219' title='bbox 1341 2270 1575 2339; x_wconf 90' lang='grc' dir='ltr'><em>πεπιστεύκαμεν.</em></span> 
     </span>
    </p>
   </div>
   <div class='ocr_carea' id='block_1_6' title="bbox 292 2414 1650 2742">
    <p class='ocr_par' dir='ltr' id='par_1_6' title="bbox 429 2414 1650 2490">
     <span class='ocr_line' id='line_1_20' title="bbox 429 2414 1650 2490; baseline 0.002 -16"><span class='ocrx_word' id='word_1_220' title='bbox 429 2420 475 2474; x_wconf 89' lang='grc' dir='ltr'><em>Νι.</em></span> <span class='ocrx_word' id='word_1_221' title='bbox 495 2422 525 2473; x_wconf 95' lang='grc'><em>71</em></span> <span class='ocrx_word' id='word_1_222' title='bbox 546 2419 597 2482; x_wconf 79' lang='grc' dir='ltr'><em>(Βσ</em></span> <span class='ocrx_word' id='word_1_223' title='bbox 614 2419 657 2483; x_wconf 90' lang='grc'><em>60)</em></span> <span class='ocrx_word' id='word_1_224' title='bbox 684 2415 712 2473; x_wconf 84' lang='grc' dir='ltr'><em>εί</em></span> <span class='ocrx_word' id='word_1_225' title='bbox 732 2417 785 2486; x_wconf 77' lang='grc' dir='ltr'><em>μὲν</em></span> <span class='ocrx_word' id='word_1_226' title='bbox 807 2414 863 2490; x_wconf 90' lang='grc' dir='ltr'><em>γάρ</em></span> <span class='ocrx_word' id='word_1_227' title='bbox 887 2416 973 2486; x_wconf 77' lang='grc' dir='ltr'><em>ητοῦ</em></span> <span class='ocrx_word' id='word_1_228' title='bbox 989 2415 1150 2487; x_wconf 90' lang='grc' dir='ltr'><em>πνεύματος</em></span> <span class='ocrx_word' id='word_1_229' title='bbox 1168 2414 1291 2485; x_wconf 74' lang='grc' dir='ltr'><em>ἐξέτασις</em></span> <span class='ocrx_word' id='word_1_230' title='bbox 1309 2421 1435 2490; x_wconf 89' lang='grc' dir='ltr'><em>γίγνοιτο</em></span> <span class='ocrx_word' id='word_1_231' title='bbox 1454 2421 1539 2490; x_wconf 89' lang='grc' dir='ltr'><em>μόνη,</em></span> <span class='ocrx_word' id='word_1_232' title='bbox 1557 2417 1586 2476; x_wconf 73' lang='grc' dir='ltr'><em>ἓν</em></span> <span class='ocrx_word' id='word_1_233' title='bbox 1602 2422 1650 2476; x_wconf 84' lang='grc' dir='ltr'><em>καλ</em></span> 
     </span>
    </p>

    <p class='ocr_par' dir='ltr' id='par_1_7' title="bbox 292 2495 1647 2577">
     <span class='ocr_line' id='line_1_21' title="bbox 292 2495 1647 2577; baseline 0.001 -19"><span class='ocrx_word' id='word_1_234' title='bbox 292 2503 327 2558; x_wconf 91' lang='grc'><em>00</em></span> <span class='ocrx_word' id='word_1_235' title='bbox 345 2502 449 2559; x_wconf 75' lang='grc' dir='ltr'><em>ταύτόν</em></span> <span class='ocrx_word' id='word_1_236' title='bbox 467 2501 585 2568; x_wconf 87' lang='grc' dir='ltr'><em>είκότως</em></span> <span class='ocrx_word' id='word_1_237' title='bbox 602 2498 638 2557; x_wconf 87' lang='grc' dir='ltr'><em>ἀν</em></span> <span class='ocrx_word' id='word_1_238' title='bbox 656 2499 673 2556; x_wconf 89' lang='grc' dir='ltr'><em>ό</em></span> <span class='ocrx_word' id='word_1_239' title='bbox 691 2503 778 2573; x_wconf 90' lang='grc' dir='ltr'><em>λόγος</em></span> <span class='ocrx_word' id='word_1_240' title='bbox 795 2495 868 2557; x_wconf 80' lang='grc' dir='ltr'><em>εἶναι</em></span> <span class='ocrx_word' id='word_1_241' title='bbox 885 2508 926 2575; x_wconf 78' lang='grc' dir='ltr'><em>τῷ</em></span> <span class='ocrx_word' id='word_1_242' title='bbox 939 2504 1000 2575; x_wconf 80' lang='grc' dir='ltr'><em>θεῷ</em></span> <span class='ocrx_word' id='word_1_243' title='bbox 1012 2501 1155 2571; x_wconf 73' lang='grc' dir='ltr'><em>φαίνοιτο</em></span> <span class='ocrx_word' id='word_1_244' title='bbox 1173 2501 1201 2559; x_wconf 86' lang='grc' dir='ltr'><em>εί</em></span> <span class='ocrx_word' id='word_1_245' title='bbox 1216 2501 1246 2558; x_wconf 79' lang='grc' dir='ltr'><em>δέ</em></span> <span class='ocrx_word' id='word_1_246' title='bbox 1263 2504 1279 2572; x_wconf 75' lang='grc' dir='ltr'><em>η</em></span> <span class='ocrx_word' id='word_1_247' title='bbox 1297 2502 1371 2560; x_wconf 86' lang='grc' dir='ltr'><em>κατά</em></span> <span class='ocrx_word' id='word_1_248' title='bbox 1390 2504 1485 2577; x_wconf 89' lang='grc' dir='ltr'><em>σάρκα</em></span> <span class='ocrx_word' id='word_1_249' title='bbox 1503 2508 1647 2577; x_wconf 74' lang='grc' dir='ltr'><em>προσθήκη</em></span> 
     </span>
    </p>

    <p class='ocr_par' dir='ltr' id='par_1_8' title="bbox 345 2582 1649 2742">
     <span class='ocr_line' id='line_1_22' title="bbox 345 2582 1649 2661; baseline 0.001 -17"><span class='ocrx_word' id='word_1_250' title='bbox 345 2585 392 2644; x_wconf 76' lang='grc' dir='ltr'><em>ἐπὶ</em></span> <span class='ocrx_word' id='word_1_251' title='bbox 412 2595 463 2643; x_wconf 85' lang='grc' dir='ltr'><em>τοῦ</em></span> <span class='ocrx_word' id='word_1_252' title='bbox 486 2597 614 2658; x_wconf 75' lang='grc' dir='ltr'><em>σωτῆρος</em></span> <span class='ocrx_word' id='word_1_253' title='bbox 633 2583 809 2653; x_wconf 78' lang='grc' dir='ltr'><em>ἐξετάζοιτο,</em></span> <span class='ocrx_word' id='word_1_254' title='bbox 836 2582 964 2661; x_wconf 79' lang='grc' dir='ltr'><em>ἐνεργείᾳ</em></span> <span class='ocrx_word' id='word_1_255' title='bbox 993 2586 1134 2656; x_wconf 71' lang='grc' dir='ltr'><em>ὴθεότης</em></span> <span class='ocrx_word' id='word_1_256' title='bbox 1150 2587 1224 2656; x_wconf 86' lang='grc' dir='ltr'><em>μόνη</em></span> <span class='ocrx_word' id='word_1_257' title='bbox 1246 2586 1441 2645; x_wconf 86' lang='grc' dir='ltr'><em>πλατύνεσθαι</em></span> <span class='ocrx_word' id='word_1_258' title='bbox 1459 2593 1550 2646; x_wconf 88' lang='grc' dir='ltr'><em>δοκεῖ·</em></span> <span class='ocrx_word' id='word_1_259' title='bbox 1579 2582 1649 2645; x_wconf 77' lang='grc' dir='ltr'><em>ὥστε</em></span> 
     </span>
     <span class='ocr_line' id='line_1_23' title="bbox 345 2667 953 2742; baseline -0.003 -14"><span class='ocrx_word' id='word_1_260' title='bbox 345 2671 461 2737; x_wconf 81' lang='grc' dir='ltr'><em>εἰκότως</em></span> <span class='ocrx_word' id='word_1_261' title='bbox 478 2671 571 2741; x_wconf 86' lang='grc' dir='ltr'><em>μονάς</em></span> <span class='ocrx_word' id='word_1_262' title='bbox 587 2667 677 2736; x_wconf 78' lang='grc' dir='ltr'><em>ὅντως</em></span> <span class='ocrx_word' id='word_1_263' title='bbox 694 2667 769 2726; x_wconf 83' lang='grc' dir='ltr'><em>ἐστίν</em></span> <span class='ocrx_word' id='word_1_264' title='bbox 787 2668 953 2742; x_wconf 86' lang='grc' dir='ltr'><em>ἀδιαίρετος.</em></span> 
     </span>
    </p>
   </div>
   <div class='ocr_carea' id='block_1_7' title="bbox 294 2812 1652 3146">
    <p class='ocr_par' dir='ltr' id='par_1_9' title="bbox 431 2812 1649 2892">
     <span class='ocr_line' id='line_1_24' title="bbox 431 2812 1649 2892; baseline -0.002 -15"><span class='ocrx_word' id='word_1_265' title='bbox 431 2824 477 2877; x_wconf 90' lang='lat' dir='ltr'><em>Nr.</em></span> <span class='ocrx_word' id='word_1_266' title='bbox 496 2825 529 2878; x_wconf 91' lang='grc'><em>70</em></span> <span class='ocrx_word' id='word_1_267' title='bbox 547 2822 597 2889; x_wconf 80' lang='lat' dir='ltr'><em>(Re</em></span> <span class='ocrx_word' id='word_1_268' title='bbox 615 2824 659 2887; x_wconf 82' lang='lat'><em>53)</em></span> <span class='ocrx_word' id='word_1_269' title='bbox 678 2816 713 2876; x_wconf 76' lang='grc' dir='ltr'><em>ἓν</em></span> <span class='ocrx_word' id='word_1_270' title='bbox 730 2821 795 2891; x_wconf 90' lang='grc' dir='ltr'><em>γάρ</em></span> <span class='ocrx_word' id='word_1_271' title='bbox 813 2815 903 2877; x_wconf 88' lang='grc' dir='ltr'><em>είναι</em></span> <span class='ocrx_word' id='word_1_272' title='bbox 920 2824 977 2877; x_wconf 83' lang='grc' dir='ltr'><em>καί</em></span> <span class='ocrx_word' id='word_1_273' title='bbox 995 2818 1121 2876; x_wconf 84' lang='grc' dir='ltr'><em>ταύτδν</em></span> <span class='ocrx_word' id='word_1_274' title='bbox 1139 2812 1273 2892; x_wconf 76' lang='grc' dir='ltr'><em>Ἀστέριος</em></span> <span class='ocrx_word' id='word_1_275' title='bbox 1289 2821 1364 2878; x_wconf 87' lang='grc' dir='ltr'><em>κατὰ</em></span> <span class='ocrx_word' id='word_1_276' title='bbox 1381 2831 1468 2878; x_wconf 79' lang='grc' dir='ltr'><em>τοῖτο</em></span> <span class='ocrx_word' id='word_1_277' title='bbox 1487 2821 1649 2892; x_wconf 67' lang='grc' dir='ltr'><em>ἀπεφάνατο</em></span> 
     </span>
    </p>

    <p class='ocr_par' dir='ltr' id='par_1_10' title="bbox 344 2899 1652 2978">
     <span class='ocr_line' id='line_1_25' title="bbox 344 2899 1652 2978; baseline -0.002 -16"><span class='ocrx_word' id='word_1_278' title='bbox 344 2908 437 2976; x_wconf 90' lang='grc' dir='ltr'><em>μόνον</em></span> <span class='ocrx_word' id='word_1_279' title='bbox 463 2906 522 2962; x_wconf 89' lang='grc' dir='ltr'><em>τόν</em></span> <span class='ocrx_word' id='word_1_280' title='bbox 545 2905 676 2977; x_wconf 83' lang='grc' dir='ltr'><em>πατέρα</em></span> <span class='ocrx_word' id='word_1_281' title='bbox 699 2907 757 2962; x_wconf 83' lang='grc' dir='ltr'><em>καί</em></span> <span class='ocrx_word' id='word_1_282' title='bbox 774 2904 834 2961; x_wconf 88' lang='grc' dir='ltr'><em>τόν</em></span> <span class='ocrx_word' id='word_1_283' title='bbox 851 2901 939 2971; x_wconf 83' lang='grc' dir='ltr'><em>νίόν,</em></span> <span class='ocrx_word' id='word_1_284' title='bbox 966 2899 1049 2962; x_wconf 86' lang='grc' dir='ltr'><em>καθ’</em></span> <span class='ocrx_word' id='word_1_285' title='bbox 1075 2900 1144 2959; x_wconf 75' lang='grc' dir='ltr'><em>ὃέν</em></span> <span class='ocrx_word' id='word_1_286' title='bbox 1162 2911 1266 2961; x_wconf 87' lang='grc' dir='ltr'><em>πᾶσιν</em></span> <span class='ocrx_word' id='word_1_287' title='bbox 1285 2914 1544 2978; x_wconf 74' lang='grc' dir='ltr'><em>συμφωνοῦσιν.</em></span> <span class='ocrx_word' id='word_1_288' title='bbox 1580 2902 1652 2962; x_wconf 78' lang='grc' dir='ltr'><em>ούτω</em></span> 
     </span>
    </p>

    <p class='ocr_par' dir='ltr' id='par_1_11' title="bbox 294 2983 1651 3146">
     <span class='ocr_line' id='line_1_26' title="bbox 294 2983 1651 3064; baseline 0.001 -22"><span class='ocrx_word' id='word_1_289' title='bbox 294 2990 327 3043; x_wconf 84' lang='lat'><em>55</em></span> <span class='ocrx_word' id='word_1_290' title='bbox 345 2991 401 3062; x_wconf 85' lang='grc' dir='ltr'><em>γὰρ</em></span> <span class='ocrx_word' id='word_1_291' title='bbox 421 2987 486 3061; x_wconf 83' lang='grc' dir='ltr'><em>ἐφη·</em></span> <span class='ocrx_word' id='word_1_292' title='bbox 504 2994 561 3047; x_wconf 82' lang='grc' dir='ltr'><em>καί</em></span> <span class='ocrx_word' id='word_1_293' title='bbox 578 2990 632 3045; x_wconf 88' lang='grc' dir='ltr'><em>διά</em></span> <span class='ocrx_word' id='word_1_294' title='bbox 650 2992 710 3059; x_wconf 74' lang='grc' dir='ltr'><em>τὴν</em></span> <span class='ocrx_word' id='word_1_295' title='bbox 728 2987 763 3046; x_wconf 89' lang='grc' dir='ltr'><em>ἐν</em></span> <span class='ocrx_word' id='word_1_296' title='bbox 780 2996 884 3046; x_wconf 86' lang='grc' dir='ltr'><em>πᾶσιν</em></span> <span class='ocrx_word' id='word_1_297' title='bbox 901 2992 1021 3060; x_wconf 85' lang='grc' dir='ltr'><em>λόγοις</em></span> <span class='ocrx_word' id='word_1_298' title='bbox 1037 3008 1073 3046; x_wconf 89' lang='grc' dir='ltr'><em>τε</em></span> <span class='ocrx_word' id='word_1_299' title='bbox 1090 2990 1148 3044; x_wconf 82' lang='grc' dir='ltr'><em>καί</em></span> <span class='ocrx_word' id='word_1_300' title='bbox 1166 2983 1285 3061; x_wconf 78' lang='grc' dir='ltr'><em>ἔργοις</em></span> <span class='ocrx_word' id='word_1_301' title='bbox 1302 2987 1429 3064; x_wconf 84' lang='grc' dir='ltr'><em>ἀκριβῆ</em></span> <span class='ocrx_word' id='word_1_302' title='bbox 1447 2994 1651 3061; x_wconf 82' lang='grc' dir='ltr'><em>συμφωνίαν</em></span> 
     </span>
     <span class='ocr_line' id='line_1_27' title="bbox 347 3070 867 3146; baseline -0.006 -15"><span class='ocrx_word' id='word_1_303' title='bbox 347 3073 428 3146; x_wconf 73' lang='grc' dir='ltr'><em>»ἐγὼ</em></span> <span class='ocrx_word' id='word_1_304' title='bbox 445 3077 503 3131; x_wconf 83' lang='grc' dir='ltr'><em>καί</em></span> <span class='ocrx_word' id='word_1_305' title='bbox 521 3074 537 3130; x_wconf 91' lang='grc' dir='ltr'><em>δ</em></span> <span class='ocrx_word' id='word_1_306' title='bbox 555 3077 667 3146; x_wconf 75' lang='grc' dir='ltr'><em>πατὴρ</em></span> <span class='ocrx_word' id='word_1_307' title='bbox 684 3070 720 3130; x_wconf 77' lang='grc' dir='ltr'><em>ἓν</em></span> <span class='ocrx_word' id='word_1_308' title='bbox 738 3071 867 3144; x_wconf 80' lang='grc' dir='ltr'><em>ἐσμευι.</em></span> 
     </span>
    </p>
   </div>
   <div class='ocr_carea' id='block_1_8' title="bbox 293 3218 1654 3716">
    <p class='ocr_par' dir='ltr' id='par_1_12' title="bbox 344 3218 1653 3466">
     <span class='ocr_line' id='line_1_28' title="bbox 429 3218 1653 3296; baseline 0 -18"><span class='ocrx_word' id='word_1_309' title='bbox 429 3224 474 3280; x_wconf 89' lang='lat' dir='ltr'><em>Nr.</em></span> <span class='ocrx_word' id='word_1_310' title='bbox 494 3226 526 3278; x_wconf 85' lang='grc'><em>73</em></span> <span class='ocrx_word' id='word_1_311' title='bbox 545 3224 594 3292; x_wconf 78' lang='grc' dir='ltr'><em>(Βο</em></span> <span class='ocrx_word' id='word_1_312' title='bbox 611 3226 655 3291; x_wconf 87' lang='grc'><em>64)</em></span> <span class='ocrx_word' id='word_1_313' title='bbox 673 3222 701 3281; x_wconf 84' lang='grc' dir='ltr'><em>εί</em></span> <span class='ocrx_word' id='word_1_314' title='bbox 717 3218 767 3281; x_wconf 83' lang='grc' dir='ltr'><em>σύν</em></span> <span class='ocrx_word' id='word_1_315' title='bbox 790 3223 876 3290; x_wconf 87' lang='grc' dir='ltr'><em>αύτδς</em></span> <span class='ocrx_word' id='word_1_316' title='bbox 897 3225 973 3295; x_wconf 88' lang='grc' dir='ltr'><em>λέγει</em></span> <span class='ocrx_word' id='word_1_317' title='bbox 993 3231 1081 3280; x_wconf 77' lang='grc' dir='ltr'><em>ταῖτα</em></span> <span class='ocrx_word' id='word_1_318' title='bbox 1111 3220 1184 3294; x_wconf 75' lang='grc' dir='ltr'><em>»ἐγὼ</em></span> <span class='ocrx_word' id='word_1_319' title='bbox 1206 3221 1239 3280; x_wconf 92' lang='grc' dir='ltr'><em>ἐκ</em></span> <span class='ocrx_word' id='word_1_320' title='bbox 1260 3231 1312 3280; x_wconf 87' lang='grc' dir='ltr'><em>τοῦ</em></span> <span class='ocrx_word' id='word_1_321' title='bbox 1334 3223 1443 3296; x_wconf 88' lang='grc' dir='ltr'><em>πατρός</em></span> <span class='ocrx_word' id='word_1_322' title='bbox 1467 3223 1588 3294; x_wconf 78' lang='grc' dir='ltr'><em>ἐξῆλθον</em></span> <span class='ocrx_word' id='word_1_323' title='bbox 1606 3226 1653 3279; x_wconf 83' lang='grc' dir='ltr'><em>καλ</em></span> 
     </span>
     <span class='ocr_line' id='line_1_29' title="bbox 344 3300 1652 3380; baseline -0.002 -16"><span class='ocrx_word' id='word_1_324' title='bbox 344 3306 432 3379; x_wconf 68' lang='grc' dir='ltr'><em>ἥκων,</em></span> <span class='ocrx_word' id='word_1_325' title='bbox 450 3311 499 3364; x_wconf 83' lang='grc' dir='ltr'><em>καί</em></span> <span class='ocrx_word' id='word_1_326' title='bbox 517 3300 601 3373; x_wconf 79' lang='grc' dir='ltr'><em>αὖθις</em></span> <span class='ocrx_word' id='word_1_327' title='bbox 621 3309 683 3365; x_wconf 77' lang='grc' dir='ltr'><em>»καὶ</em></span> <span class='ocrx_word' id='word_1_328' title='bbox 701 3308 717 3365; x_wconf 86' lang='grc' dir='ltr'><em>ά</em></span> <span class='ocrx_word' id='word_1_329' title='bbox 734 3310 833 3380; x_wconf 90' lang='grc' dir='ltr'><em>λόγος,</em></span> <span class='ocrx_word' id='word_1_330' title='bbox 857 3305 891 3365; x_wconf 85' lang='grc' dir='ltr'><em>όν</em></span> <span class='ocrx_word' id='word_1_331' title='bbox 908 3306 1038 3373; x_wconf 82' lang='grc' dir='ltr'><em>ἀκούετε,</em></span> <span class='ocrx_word' id='word_1_332' title='bbox 1058 3306 1110 3364; x_wconf 88' lang='grc' dir='ltr'><em>ούκ</em></span> <span class='ocrx_word' id='word_1_333' title='bbox 1127 3303 1204 3365; x_wconf 79' lang='grc' dir='ltr'><em>ἔστιν</em></span> <span class='ocrx_word' id='word_1_334' title='bbox 1222 3305 1303 3377; x_wconf 84' lang='grc' dir='ltr'><em>ἐμός,</em></span> <span class='ocrx_word' id='word_1_335' title='bbox 1327 3304 1398 3365; x_wconf 88' lang='grc' dir='ltr'><em>ἀλλά</em></span> <span class='ocrx_word' id='word_1_336' title='bbox 1416 3318 1468 3365; x_wconf 81' lang='grc' dir='ltr'><em>τοῦ</em></span> <span class='ocrx_word' id='word_1_337' title='bbox 1486 3309 1652 3380; x_wconf 72' lang='grc' dir='ltr'><em>πέμψαντός</em></span> 
     </span>
     <span class='ocr_line' id='line_1_30' title="bbox 345 3388 1652 3466; baseline -0.002 -16"><span class='ocrx_word' id='word_1_338' title='bbox 345 3413 382 3463; x_wconf 91' lang='grc' dir='ltr'><em>με</em></span> <span class='ocrx_word' id='word_1_339' title='bbox 400 3395 522 3466; x_wconf 55' lang='grc' dir='ltr'><em>πατρὸς</em></span> <span class='ocrx_word' id='word_1_340' title='bbox 546 3393 596 3448; x_wconf 83' lang='grc' dir='ltr'><em>καί</em></span> <span class='ocrx_word' id='word_1_341' title='bbox 614 3392 724 3449; x_wconf 76' lang='grc' dir='ltr'><em>»πάντα</em></span> <span class='ocrx_word' id='word_1_342' title='bbox 742 3388 797 3449; x_wconf 80' lang='grc' dir='ltr'><em>6ου</em></span> <span class='ocrx_word' id='word_1_343' title='bbox 815 3388 873 3463; x_wconf 75' lang='grc' dir='ltr'><em>ἔχει</em></span> <span class='ocrx_word' id='word_1_344' title='bbox 891 3390 907 3447; x_wconf 92' lang='grc' dir='ltr'><em>δ</em></span> <span class='ocrx_word' id='word_1_345' title='bbox 925 3394 1018 3463; x_wconf 72' lang='grc' dir='ltr'><em>πατὴρ</em></span> <span class='ocrx_word' id='word_1_346' title='bbox 1036 3390 1091 3461; x_wconf 85' lang='grc' dir='ltr'><em>έμά</em></span> <span class='ocrx_word' id='word_1_347' title='bbox 1110 3390 1218 3457; x_wconf 70' lang='grc' dir='ltr'><em>ἐστινι,</em></span> <span class='ocrx_word' id='word_1_348' title='bbox 1237 3396 1323 3461; x_wconf 81' lang='grc' dir='ltr'><em>δῆλον</em></span> <span class='ocrx_word' id='word_1_349' title='bbox 1341 3388 1385 3449; x_wconf 83' lang='grc' dir='ltr'><em>6τι</em></span> <span class='ocrx_word' id='word_1_350' title='bbox 1403 3391 1523 3459; x_wconf 78' lang='grc' dir='ltr'><em>εἰκότως</em></span> <span class='ocrx_word' id='word_1_351' title='bbox 1539 3392 1652 3449; x_wconf 83' lang='grc' dir='ltr'><em>κάκεῖνο</em></span> 
     </span>
    </p>

    <p class='ocr_par' dir='ltr' id='par_1_13' title="bbox 293 3468 1654 3716">
     <span class='ocr_line' id='line_1_31' title="bbox 293 3468 1651 3550; baseline 0 -21"><span class='ocrx_word' id='word_1_352' title='bbox 293 3476 329 3530; x_wconf 85' lang='grc'><em>30</em></span> <span class='ocrx_word' id='word_1_353' title='bbox 346 3473 443 3547; x_wconf 84' lang='grc' dir='ltr'><em>ἔλεγεν</em></span> <span class='ocrx_word' id='word_1_354' title='bbox 462 3474 508 3532; x_wconf 77' lang='grc' dir='ltr'><em>»ἐν</em></span> <span class='ocrx_word' id='word_1_355' title='bbox 526 3474 591 3546; x_wconf 81' lang='grc' dir='ltr'><em>ἐμοὶ</em></span> <span class='ocrx_word' id='word_1_356' title='bbox 609 3475 625 3532; x_wconf 92' lang='grc' dir='ltr'><em>ό</em></span> <span class='ocrx_word' id='word_1_357' title='bbox 643 3480 735 3548; x_wconf 72' lang='grc' dir='ltr'><em>πατὴρ</em></span> <span class='ocrx_word' id='word_1_358' title='bbox 752 3474 835 3548; x_wconf 85' lang='grc' dir='ltr'><em>κάγὼ</em></span> <span class='ocrx_word' id='word_1_359' title='bbox 852 3474 883 3532; x_wconf 83' lang='grc' dir='ltr'><em>ἐν</em></span> <span class='ocrx_word' id='word_1_360' title='bbox 900 3483 939 3546; x_wconf 77' lang='grc' dir='ltr'><em>τῷ</em></span> <span class='ocrx_word' id='word_1_361' title='bbox 957 3477 1071 3547; x_wconf 67' lang='grc' dir='ltr'><em>πατρία,</em></span> <span class='ocrx_word' id='word_1_362' title='bbox 1094 3472 1143 3533; x_wconf 72' lang='grc' dir='ltr'><em>ἵνα</em></span> <span class='ocrx_word' id='word_1_363' title='bbox 1161 3473 1193 3532; x_wconf 91' lang='grc' dir='ltr'><em>ἐν</em></span> <span class='ocrx_word' id='word_1_364' title='bbox 1209 3481 1270 3550; x_wconf 82' lang='grc' dir='ltr'><em>θεῷ</em></span> <span class='ocrx_word' id='word_1_365' title='bbox 1288 3476 1341 3545; x_wconf 85' lang='grc' dir='ltr'><em>μέν</em></span> <span class='ocrx_word' id='word_1_366' title='bbox 1359 3468 1377 3548; x_wconf 76' lang='grc' dir='ltr'><strong><em>ᾖ</em></strong></span> <span class='ocrx_word' id='word_1_367' title='bbox 1395 3474 1411 3531; x_wconf 88' lang='grc' dir='ltr'><em>ό</em></span> <span class='ocrx_word' id='word_1_368' title='bbox 1429 3479 1519 3548; x_wconf 89' lang='grc' dir='ltr'><em>λόγος</em></span> <span class='ocrx_word' id='word_1_369' title='bbox 1537 3478 1553 3533; x_wconf 85' lang='lat'><em>5</em></span> <span class='ocrx_word' id='word_1_370' title='bbox 1571 3485 1651 3532; x_wconf 78' lang='grc' dir='ltr'><em>τοῐτο</em></span> 
     </span>
     <span class='ocr_line' id='line_1_32' title="bbox 345 3556 1651 3635; baseline -0.001 -18"><span class='ocrx_word' id='word_1_371' title='bbox 345 3560 444 3632; x_wconf 88' lang='grc' dir='ltr'><em>λέγων,</em></span> <span class='ocrx_word' id='word_1_372' title='bbox 470 3559 501 3618; x_wconf 85' lang='grc' dir='ltr'><em>ἐν</em></span> <span class='ocrx_word' id='word_1_373' title='bbox 519 3560 549 3617; x_wconf 80' lang='grc' dir='ltr'><em>δέ</em></span> <span class='ocrx_word' id='word_1_374' title='bbox 575 3562 710 3635; x_wconf 74' lang='grc' dir='ltr'><em>τῷλόγῳ</em></span> <span class='ocrx_word' id='word_1_375' title='bbox 736 3559 752 3616; x_wconf 88' lang='grc' dir='ltr'><em>ό</em></span> <span class='ocrx_word' id='word_1_376' title='bbox 778 3563 885 3632; x_wconf 67' lang='grc' dir='ltr'><em>πατὴρ,</em></span> <span class='ocrx_word' id='word_1_377' title='bbox 912 3556 956 3616; x_wconf 82' lang='grc' dir='ltr'><em>ίίτι</em></span> <span class='ocrx_word' id='word_1_378' title='bbox 978 3559 1094 3629; x_wconf 85' lang='grc' dir='ltr'><em>δύναμις</em></span> <span class='ocrx_word' id='word_1_379' title='bbox 1115 3569 1167 3617; x_wconf 83' lang='grc' dir='ltr'><em>τοῦ</em></span> <span class='ocrx_word' id='word_1_380' title='bbox 1184 3559 1293 3630; x_wconf 82' lang='grc' dir='ltr'><em>πατρὸς</em></span> <span class='ocrx_word' id='word_1_381' title='bbox 1311 3560 1327 3616; x_wconf 90' lang='grc' dir='ltr'><em>δ</em></span> <span class='ocrx_word' id='word_1_382' title='bbox 1345 3561 1439 3631; x_wconf 87' lang='grc' dir='ltr'><em>λόγος.</em></span> <span class='ocrx_word' id='word_1_383' title='bbox 1479 3566 1577 3618; x_wconf 73' lang='lat'><em>»5505«</em></span> <span class='ocrx_word' id='word_1_384' title='bbox 1599 3559 1651 3631; x_wconf 84' lang='grc' dir='ltr'><em>γὰρ</em></span> 
     </span>
     <span class='ocr_line' id='line_1_33' title="bbox 345 3641 1654 3716; baseline -0.005 -14"><span class='ocrx_word' id='word_1_385' title='bbox 345 3644 432 3702; x_wconf 77' lang='grc' dir='ltr'><em>αὐτόν</em></span> <span class='ocrx_word' id='word_1_386' title='bbox 452 3644 585 3714; x_wconf 73' lang='grc' dir='ltr'><em>»δύναμιν</em></span> <span class='ocrx_word' id='word_1_387' title='bbox 601 3647 650 3702; x_wconf 82' lang='grc' dir='ltr'><em>καί</em></span> <span class='ocrx_word' id='word_1_388' title='bbox 672 3649 745 3702; x_wconf 86' lang='grc' dir='ltr'><em>θεοῦ</em></span> <span class='ocrx_word' id='word_1_389' title='bbox 768 3647 887 3715; x_wconf 76' lang='grc' dir='ltr'><em>σοφίανι</em></span> <span class='ocrx_word' id='word_1_390' title='bbox 915 3642 1079 3711; x_wconf 81' lang='grc' dir='ltr'><em>ἀξιόπιστος</em></span> <span class='ocrx_word' id='word_1_391' title='bbox 1105 3641 1217 3715; x_wconf 77' lang='grc' dir='ltr'><em>εἴρηκεν</em></span> <span class='ocrx_word' id='word_1_392' title='bbox 1242 3643 1358 3716; x_wconf 87' lang='grc' dir='ltr'><em>μάρτυς.</em></span> <span class='ocrx_word' id='word_1_393' title='bbox 1394 3644 1428 3700; x_wconf 90' lang='grc' dir='ltr'><em>ού</em></span> <span class='ocrx_word' id='word_1_394' title='bbox 1455 3646 1508 3702; x_wconf 88' lang='grc' dir='ltr'><em>διά</em></span> <span class='ocrx_word' id='word_1_395' title='bbox 1536 3648 1595 3714; x_wconf 77' lang='grc' dir='ltr'><em>τὴν</em></span> <span class='ocrx_word' id='word_1_396' title='bbox 1621 3641 1654 3698; x_wconf 87' lang='grc' dir='ltr'><em>ἐν</em></span> 
     </span>
    </p>
   </div>
   <div class='ocr_carea' id='block_1_9' title="bbox 344 3812 1651 4086">
    <p class='ocr_par' dir='ltr' id='par_1_14' title="bbox 344 3812 1651 4086">
     <span class='ocr_line' id='line_1_34' title="bbox 429 3812 1651 3880; baseline -0.004 -12"><span class='ocrx_word' id='word_1_397' title='bbox 429 3814 633 3872; x_wconf 76' lang='lat'><em>15-14155.</em></span> <span class='ocrx_word' id='word_1_398' title='bbox 651 3813 716 3865; x_wconf 85' lang='lat'><em>55-</em></span> <span class='ocrx_word' id='word_1_399' title='bbox 726 3815 809 3865; x_wconf 88' lang='lat'><em>51-</em></span> <span class='ocrx_word' id='word_1_400' title='bbox 826 3813 1039 3877; x_wconf 80' lang='lat'><em>16-16155,</em></span> <span class='ocrx_word' id='word_1_401' title='bbox 1059 3814 1129 3864; x_wconf 90' lang='lat'><em>55-</em></span> <span class='ocrx_word' id='word_1_402' title='bbox 1132 3815 1219 3864; x_wconf 74' lang='lat'><em>55-</em></span> <span class='ocrx_word' id='word_1_403' title='bbox 1242 3812 1365 3870; x_wconf 80' lang='lat'><em>17-15</em></span> <span class='ocrx_word' id='word_1_404' title='bbox 1383 3814 1427 3880; x_wconf 85' lang='lat'><em>55,</em></span> <span class='ocrx_word' id='word_1_405' title='bbox 1445 3814 1557 3868; x_wconf 89' lang='lat'><em>15-50</em></span> <span class='ocrx_word' id='word_1_406' title='bbox 1593 3813 1651 3867; x_wconf 72' lang='grc' dir='ltr'><em>ιον</em></span> 
     </span>
     <span class='ocr_line' id='line_1_35' title="bbox 345 3880 1650 3967; baseline -0.002 -33"><span class='ocrx_word' id='word_1_407' title='bbox 345 3882 502 3934; x_wconf 82' lang='lat'><em>15-15-</em></span> <span class='ocrx_word' id='word_1_408' title='bbox 532 3881 661 3936; x_wconf 83' lang='lat'><em>15-55</em></span> <span class='ocrx_word' id='word_1_409' title='bbox 683 3882 726 3940; x_wconf 89' lang='lat'><em>55</em></span> <span class='ocrx_word' id='word_1_410' title='bbox 749 3882 817 3931; x_wconf 89' lang='lat'><em>55-</em></span> <span class='ocrx_word' id='word_1_411' title='bbox 821 3882 867 3933; x_wconf 91' lang='lat'><em>55</em></span> <span class='ocrx_word' id='word_1_412' title='bbox 898 3880 960 3943; x_wconf 79' lang='grc' dir='ltr'><em>ιον</em></span> <span class='ocrx_word' id='word_1_413' title='bbox 983 3882 1048 3932; x_wconf 86' lang='lat'><em>51-</em></span> <span class='ocrx_word' id='word_1_414' title='bbox 1052 3882 1100 3941; x_wconf 85' lang='lat'><em>55</em></span> <span class='ocrx_word' id='word_1_415' title='bbox 1127 3881 1336 3949; x_wconf 68' lang='lat'><em>15-50555</em></span> <span class='ocrx_word' id='word_1_416' title='bbox 1338 3882 1482 3967; x_wconf 72' lang='lat'><em>5555)</em></span> <span class='ocrx_word' id='word_1_417' title='bbox 1468 3882 1505 3941; x_wconf 66' lang='grc' dir='ltr'><em>ιτ</em></span> <span class='ocrx_word' id='word_1_418' title='bbox 1534 3882 1598 3933; x_wconf 84' lang='lat'><em>5-5</em></span> <span class='ocrx_word' id='word_1_419' title='bbox 1620 3909 1650 3918; x_wconf 89' lang='lat'>-</span> 
     </span>
     <span class='ocr_line' id='line_1_36' title="bbox 344 3920 1651 4086; baseline 0 -87"><span class='ocrx_word' id='word_1_420' title='bbox 344 3948 713 4086; x_wconf 50' lang='lat'><em>5575561059&#39;552525—</em></span> <span class='ocrx_word' id='word_1_421' title='bbox 740 3947 848 4003; x_wconf 78' lang='grc' dir='ltr'><em>κν-υ.</em></span> <span class='ocrx_word' id='word_1_422' title='bbox 866 3948 948 4014; x_wconf 84' lang='lat'><em>159,</em></span> <span class='ocrx_word' id='word_1_423' title='bbox 969 3948 1016 4004; x_wconf 81' lang='grc' dir='ltr'><em>ιν</em></span> <span class='ocrx_word' id='word_1_424' title='bbox 1035 3949 1081 4013; x_wconf 87' lang='lat'><em>55,</em></span> <span class='ocrx_word' id='word_1_425' title='bbox 1095 3920 1220 4013; x_wconf 86' lang='lat'><em>&#39;55-55,</em></span> <span class='ocrx_word' id='word_1_426' title='bbox 1239 3950 1281 4013; x_wconf 73' lang='grc' dir='ltr'><em>ιο</em></span> <span class='ocrx_word' id='word_1_427' title='bbox 1309 3950 1357 4004; x_wconf 83' lang='lat'><em>55</em></span> <span class='ocrx_word' id='word_1_428' title='bbox 1374 3947 1479 4016; x_wconf 60' lang='lat'><em>555)—</em></span> <span class='ocrx_word' id='word_1_429' title='bbox 1449 3949 1513 4001; x_wconf 79' lang='lat' dir='ltr'><em>s</em></span> <span class='ocrx_word' id='word_1_430' title='bbox 1530 3950 1611 4017; x_wconf 85' lang='lat'><em>155</em></span> <span class='ocrx_word' id='word_1_431' title='bbox 1629 3948 1651 4000; x_wconf 89' lang='lat'><em>5</em></span> 
     </span>
    </p>
   </div>
   <div class='ocr_carea' id='block_1_10' title="bbox 344 4149 1649 4353">
    <p class='ocr_par' dir='ltr' id='par_1_15' title="bbox 344 4149 1649 4353">
     <span class='ocr_line' id='line_1_37' title="bbox 430 4149 1649 4218; baseline -0.002 -13"><span class='ocrx_word' id='word_1_432' title='bbox 430 4149 528 4205; x_wconf 73' lang='lat'><em>5505.</em></span> <span class='ocrx_word' id='word_1_433' title='bbox 549 4153 587 4215; x_wconf 87' lang='lat'><em>15,</em></span> <span class='ocrx_word' id='word_1_434' title='bbox 606 4151 698 4203; x_wconf 88' lang='grc'><em>06-</em></span> <span class='ocrx_word' id='word_1_435' title='bbox 726 4149 823 4204; x_wconf 76' lang='lat'><em>4505.</em></span> <span class='ocrx_word' id='word_1_436' title='bbox 844 4152 883 4213; x_wconf 91' lang='grc'><em>16,</em></span> <span class='ocrx_word' id='word_1_437' title='bbox 903 4152 994 4202; x_wconf 87' lang='grc'><em>14-</em></span> <span class='ocrx_word' id='word_1_438' title='bbox 1022 4150 1119 4204; x_wconf 84' lang='lat' dir='ltr'><em>5Joh</em></span> <span class='ocrx_word' id='word_1_439' title='bbox 1139 4152 1213 4211; x_wconf 81' lang='grc'>00,.</span> <span class='ocrx_word' id='word_1_440' title='bbox 1198 4154 1287 4204; x_wconf 86' lang='grc'><em>00-</em></span> <span class='ocrx_word' id='word_1_441' title='bbox 1316 4151 1353 4206; x_wconf 87' lang='grc'><em>10</em></span> <span class='ocrx_word' id='word_1_442' title='bbox 1372 4150 1434 4205; x_wconf 90' lang='lat' dir='ltr'><em>Joh</em></span> <span class='ocrx_word' id='word_1_443' title='bbox 1453 4152 1529 4218; x_wconf 91' lang='grc'>00,</span> <span class='ocrx_word' id='word_1_444' title='bbox 1514 4153 1596 4204; x_wconf 73' lang='grc'>0.)-</span> <span class='ocrx_word' id='word_1_445' title='bbox 1614 4149 1649 4204; x_wconf 85' lang='grc'><em>06</em></span> 
     </span>
     <span class='ocr_line' id='line_1_38' title="bbox 345 4190 1649 4285; baseline -0.001 -14"><span class='ocrx_word' id='word_1_446' title='bbox 345 4219 405 4273; x_wconf 91' lang='lat' dir='ltr'>Joh.</span> <span class='ocrx_word' id='word_1_447' title='bbox 425 4220 465 4281; x_wconf 95' lang='grc'><em>10,</em></span> <span class='ocrx_word' id='word_1_448' title='bbox 484 4220 568 4272; x_wconf 85' lang='grc'><em>30-</em></span> <span class='ocrx_word' id='word_1_449' title='bbox 587 4217 624 4270; x_wconf 87' lang='grc'><em>07</em></span> <span class='ocrx_word' id='word_1_450' title='bbox 644 4216 706 4270; x_wconf 89' lang='lat' dir='ltr'>Joh.</span> <span class='ocrx_word' id='word_1_451' title='bbox 723 4217 748 4273; x_wconf 84' lang='lat'><em>8.</em></span> <span class='ocrx_word' id='word_1_452' title='bbox 766 4220 850 4270; x_wconf 85' lang='grc'><em>40-</em></span> <span class='ocrx_word' id='word_1_453' title='bbox 867 4191 906 4273; x_wconf 83' lang='grc'><em>08</em></span> <span class='ocrx_word' id='word_1_454' title='bbox 925 4217 985 4271; x_wconf 85' lang='grc' dir='ltr'><em>ίολι</em></span> <span class='ocrx_word' id='word_1_455' title='bbox 1006 4220 1046 4285; x_wconf 90' lang='grc'><em>14,</em></span> <span class='ocrx_word' id='word_1_456' title='bbox 1056 4220 1140 4270; x_wconf 86' lang='grc'><em>04-</em></span> <span class='ocrx_word' id='word_1_457' title='bbox 1158 4218 1196 4272; x_wconf 83' lang='grc'><em>00</em></span> <span class='ocrx_word' id='word_1_458' title='bbox 1215 4190 1276 4272; x_wconf 87' lang='lat' dir='ltr'>Joh.</span> <span class='ocrx_word' id='word_1_459' title='bbox 1291 4221 1327 4280; x_wconf 88' lang='grc'><em>16,</em></span> <span class='ocrx_word' id='word_1_460' title='bbox 1341 4222 1421 4273; x_wconf 86' lang='lat'><em>15-</em></span> <span class='ocrx_word' id='word_1_461' title='bbox 1439 4193 1609 4275; x_wconf 62' lang='lat' dir='ltr'><em>som,</em></span> <span class='ocrx_word' id='word_1_462' title='bbox 1617 4217 1649 4270; x_wconf 84' lang='lat'><em>58</em></span> 
     </span>
     <span class='ocr_line' id='line_1_39' title="bbox 344 4284 970 4353; baseline -0.005 -11"><span class='ocrx_word' id='word_1_463' title='bbox 344 4286 691 4346; x_wconf 60' lang='lat'><em>-51155055154-</em></span> <span class='ocrx_word' id='word_1_464' title='bbox 713 4284 783 4339; x_wconf 76' lang='grc' dir='ltr'><em>8οΠ</em></span> <span class='ocrx_word' id='word_1_465' title='bbox 799 4285 853 4353; x_wconf 81' lang='lat' dir='ltr'><em>vgl</em></span> <span class='ocrx_word' id='word_1_466' title='bbox 872 4284 940 4338; x_wconf 85' lang='grc' dir='ltr'><em>Νι.</em></span> <span class='ocrx_word' id='word_1_467' title='bbox 939 4287 970 4339; x_wconf 82' lang='grc'><em>70</em></span> 
     </span>
    </p>
   </div>
   <div class='ocr_carea' id='block_1_11' title="bbox 344 4412 1648 4692">
    <p class='ocr_par' dir='ltr' id='par_1_16' title="bbox 344 4412 1648 4692">
     <span class='ocr_line' id='line_1_40' title="bbox 429 4412 1647 4503; baseline -0.005 -29"><span class='ocrx_word' id='word_1_468' title='bbox 429 4412 554 4475; x_wconf 82' lang='grc' dir='ltr'><em>Ῑσένκ</em></span> <span class='ocrx_word' id='word_1_469' title='bbox 536 4438 606 4501; x_wconf 93' lang='grc' dir='ltr'><em>αρα</em></span> <span class='ocrx_word' id='word_1_470' title='bbox 612 4419 647 4472; x_wconf 87' lang='grc' dir='ltr'><em>Κλ</em></span> <span class='ocrx_word' id='word_1_471' title='bbox 666 4416 748 4472; x_wconf 83' lang='grc' dir='ltr'><em>ού</em></span> <span class='ocrx_word' id='word_1_472' title='bbox 717 4438 771 4490; x_wconf 87' lang='grc' dir='ltr'><em>γαρ</em></span> <span class='ocrx_word' id='word_1_473' title='bbox 790 4418 814 4471; x_wconf 91' lang='lat' dir='ltr'>V</span> <span class='ocrx_word' id='word_1_474' title='bbox 833 4415 867 4473; x_wconf 85' lang='grc' dir='ltr'><em>ού</em></span> <span class='ocrx_word' id='word_1_475' title='bbox 884 4426 954 4487; x_wconf 75' lang='grc' dir='ltr'><em>γαῖν</em></span> <span class='ocrx_word' id='word_1_476' title='bbox 972 4417 1273 4503; x_wconf 75' lang='grc' dir='ltr'><em>λλε116λαμβάνειν</em></span> <span class='ocrx_word' id='word_1_477' title='bbox 1293 4420 1326 4473; x_wconf 86' lang='grc' dir='ltr'><em>Κλ</em></span> <span class='ocrx_word' id='word_1_478' title='bbox 1346 4420 1400 4474; x_wconf 90' lang='grc' dir='ltr'><em>νλ.</em></span> <span class='ocrx_word' id='word_1_479' title='bbox 1419 4421 1446 4474; x_wconf 87' lang='grc' dir='ltr'>Ζ</span> <span class='ocrx_word' id='word_1_480' title='bbox 1462 4422 1494 4475; x_wconf 94' lang='grc'><em>10</em></span> <span class='ocrx_word' id='word_1_481' title='bbox 1512 4423 1647 4474; x_wconf 87' lang='grc' dir='ltr'><em>διακονεῖν</em></span> 
     </span>
     <span class='ocr_line' id='line_1_41' title="bbox 344 4437 1648 4561; baseline -0.002 -22"><span class='ocrx_word' id='word_1_482' title='bbox 344 4487 369 4539; x_wconf 70' lang='lat'><em>5</em></span> <span class='ocrx_word' id='word_1_483' title='bbox 410 4490 414 4550; x_wconf 95' lang='grc' dir='ltr'>Ι</span> <span class='ocrx_word' id='word_1_484' title='bbox 456 4488 547 4541; x_wconf 91' lang='grc' dir='ltr'><em>1ολα</em></span> <span class='ocrx_word' id='word_1_485' title='bbox 570 4484 701 4557; x_wconf 85' lang='grc' dir='ltr'><em>βάνειλί,</em></span> <span class='ocrx_word' id='word_1_486' title='bbox 720 4503 786 4540; x_wconf 88' lang='grc' dir='ltr'><em>σοιι·</em></span> <span class='ocrx_word' id='word_1_487' title='bbox 806 4486 885 4542; x_wconf 85' lang='grc' dir='ltr'><em>Κλι</em></span> <span class='ocrx_word' id='word_1_488' title='bbox 928 4487 965 4541; x_wconf 88' lang='grc'><em>10</em></span> <span class='ocrx_word' id='word_1_489' title='bbox 984 4483 1064 4541; x_wconf 78' lang='lat'><em>555</em></span> <span class='ocrx_word' id='word_1_490' title='bbox 1065 4485 1159 4556; x_wconf 88' lang='grc' dir='ltr'><em>γε’λιον</em></span> <span class='ocrx_word' id='word_1_491' title='bbox 1188 4490 1253 4551; x_wconf 68' lang='grc' dir='ltr'><em>)-λ</em></span> <span class='ocrx_word' id='word_1_492' title='bbox 1288 4489 1333 4543; x_wconf 85' lang='grc' dir='ltr'><em>ει“0</em></span> <span class='ocrx_word' id='word_1_493' title='bbox 1322 4437 1400 4555; x_wconf 63' lang='lat' dir='ltr'><em>&gt;J</em></span> <span class='ocrx_word' id='word_1_494' title='bbox 1418 4489 1453 4542; x_wconf 88' lang='grc'><em>17</em></span> <span class='ocrx_word' id='word_1_495' title='bbox 1494 4484 1648 4561; x_wconf 25' lang='grc' dir='ltr'><em>ιιόισκομπτν</em></span> 
     </span>
     <span class='ocr_line' id='line_1_42' title="bbox 345 4490 1646 4675; baseline -0.005 -66"><span class='ocrx_word' id='word_1_496' title='bbox 345 4556 490 4621; x_wconf 89' lang='grc' dir='ltr'>100,17Ι</span> <span class='ocrx_word' id='word_1_497' title='bbox 522 4490 885 4675; x_wconf 68' lang='grc' dir='ltr'><em>οανολογος&lt;3ν</em></span> <span class='ocrx_word' id='word_1_498' title='bbox 894 4556 928 4607; x_wconf 83' lang='grc'><em>34</em></span> <span class='ocrx_word' id='word_1_499' title='bbox 960 4559 964 4619; x_wconf 92' lang='grc' dir='ltr'>Ι</span> <span class='ocrx_word' id='word_1_500' title='bbox 996 4553 1024 4608; x_wconf 87' lang='grc' dir='ltr'><em>εί</em></span> <span class='ocrx_word' id='word_1_501' title='bbox 1012 4506 1082 4608; x_wconf 61' lang='grc' dir='ltr'><em>ίύλ</em></span> <span class='ocrx_word' id='word_1_502' title='bbox 1097 4554 1129 4639; x_wconf 78' lang='grc' dir='ltr'><em>(η</em></span> <span class='ocrx_word' id='word_1_503' title='bbox 1175 4558 1289 4619; x_wconf 84' lang='grc'>*)1,</span> <span class='ocrx_word' id='word_1_504' title='bbox 1308 4558 1377 4623; x_wconf 77' lang='grc'><em>00)</em></span> <span class='ocrx_word' id='word_1_505' title='bbox 1446 4507 1646 4623; x_wconf 53' lang='grc'>0010010</span> 
     </span>
     <span class='ocr_line' id='line_1_43' title="bbox 345 4556 1468 4692; baseline 0.002 -17"><span class='ocrx_word' id='word_1_506' title='bbox 345 4624 386 4687; x_wconf 81' lang='lat'><em>35,</em></span> <span class='ocrx_word' id='word_1_507' title='bbox 404 4625 437 4675; x_wconf 79' lang='lat'><em>:54</em></span> <span class='ocrx_word' id='word_1_508' title='bbox 469 4556 490 4688; x_wconf 93' lang='grc' dir='ltr'><em>ΙΙ</em></span> <span class='ocrx_word' id='word_1_509' title='bbox 506 4621 545 4675; x_wconf 90' lang='grc'><em>06</em></span> <span class='ocrx_word' id='word_1_510' title='bbox 564 4623 665 4692; x_wconf 80' lang='grc' dir='ltr'><em>πατὴρ)</em></span> <span class='ocrx_word' id='word_1_511' title='bbox 686 4616 822 4690; x_wconf 83' lang='grc' dir='ltr'><em>-1-ἐφηι</em></span> <span class='ocrx_word' id='word_1_512' title='bbox 853 4625 858 4688; x_wconf 91' lang='grc'>)</span> <span class='ocrx_word' id='word_1_513' title='bbox 891 4623 931 4675; x_wconf 83' lang='grc'><em>60</em></span> <span class='ocrx_word' id='word_1_514' title='bbox 948 4612 1047 4691; x_wconf 70' lang='grc' dir='ltr'><em>μέιῇ]</em></span> <span class='ocrx_word' id='word_1_515' title='bbox 1066 4620 1138 4690; x_wconf 82' lang='grc' dir='ltr'><em>μένφ</em></span> <span class='ocrx_word' id='word_1_516' title='bbox 1157 4635 1197 4675; x_wconf 84' lang='lat' dir='ltr'><em>mr</em></span> <span class='ocrx_word' id='word_1_517' title='bbox 1220 4623 1275 4692; x_wconf 82' lang='lat' dir='ltr'>vgl.</span> <span class='ocrx_word' id='word_1_518' title='bbox 1295 4622 1355 4677; x_wconf 85' lang='lat' dir='ltr'>Joh.</span> <span class='ocrx_word' id='word_1_519' title='bbox 1377 4627 1415 4689; x_wconf 79' lang='grc'><em>14,</em></span> <span class='ocrx_word' id='word_1_520' title='bbox 1435 4626 1468 4677; x_wconf 93' lang='grc'><em>10</em></span> 
     </span>
    </p>
   </div>
   <div class='ocr_carea' id='block_1_12' title="bbox 0 0 1844 5506">
    <p class='ocr_par' dir='ltr' id='par_1_17' title="bbox 0 0 1844 5506">
     <span class='ocr_line' id='line_1_44' title="bbox 0 0 1844 5506; baseline 0 0"><span class='ocrx_word' id='word_1_521' title='bbox 0 0 1844 5506; x_wconf 95' lang='lat' dir='ltr'><em> </em></span> 
     </span>
    </p>
   </div>
  </div>
 </body>
</html>
