3728 5508
336 514 372 573 12
922 507 1056 562 Eusebius

395 666 589 751 ἀπόστολος
619 678 670 759 τῷ
700 666 785 759 άγίησ
816 669 983 758 πνεύματι
1013 677 1131 757 σαφῶς
1156 669 1377 758 προαγορεύει
1407 677 1487 741 »τοῦ
1508 700 1645 761 προσρι-

397 774 543 852 σθέντος
565 771 640 841 υἱοῦ
661 777 762 840 θεσῦι
788 776 907 858 λέγων.

333 876 388 939 καὶ
411 860 510 950 αύθίς
532 892 634 958 φησιν
656 872 694 938 ἐν
716 871 843 957 ἑτέροις

396 973 465 1054 (Νε.
491 976 561 1053 109)
584 960 686 1051 οὗτός
708 973 801 1039 ἐστιν
826 975 903 1056 περὶ
926 961 966 1041 ού
988 965 1008 1040 ό
1029 976 1163 1051 Παῦλος
1186 972 1250 1056 ἐφη
1275 974 1357 1040 »τοῦ
1376 976 1645 1059 προορισθέντος

299 1082 315 1134 5
396 1071 471 1139 υίσῦ
492 1074 605 1138 θεσῦι.

332 1174 387 1239 καί
410 1173 562 1239 ἐνταῦθα
593 1173 628 1237 δέ
659 1164 700 1240 ού
726 1166 791 1256 τήν
817 1172 906 1251 λέξιν
927 1166 1038 1256 μόνην
1060 1168 1125 1257 τήν
1151 1164 1384 1258 άπσστολικήν
1405 1175 1643 1258 παρέφθειρεν,
1662 1189 1698 1241 20

333 1265 421 1339 άλλά
446 1275 501 1337 καὶ
525 1265 589 1356 τήν
616 1265 770 1340 διάνοιαν
797 1263 904 1356 αύτήν
926 1266 980 1338 διὰ
1002 1275 1063 1356 τῆς
1084 1266 1282 1357 προσθήκης
1306 1276 1366 1357 τῆς
1389 1276 1452 1340 τοῦ
1473 1267 1540 1355 πρὸ
1563 1297 1645 1357 προ·

333 1373 469 1448 θέσεως.
522 1362 652 1448 άδελωὰ
683 1372 717 1436 δὲ
741 1365 878 1449 τούτοις
899 1365 1080 1455 πράττων,
1111 1373 1172 1456 τῆς
1203 1376 1404 1457 ψαλμῳδίας
1430 1367 1646 1459 περιεχούσης

337 1472 391 1537 »ἐκ
413 1463 557 1554 γαστρὸς
584 1465 651 1554 πρὸ
674 1466 853 1556 ἓωσφόρου
875 1466 1035 1557 ἐγέννησά
1057 1493 1123 1551 σει,
1143 1462 1186 1551 Ιό
1209 1472 1244 1537 δέ
1265 1462 1443 1539 κάνταῦθα
1465 1467 1645 1559 προσθήκη
1665 1489 1704 1543 18

283 1581 316 1636 10
332 1574 490 1654 κέχρηται
522 1574 563 1654 τῇ
592 1572 752 1654 μηδαμῶς
783 1570 991 1655 ἐμφερομένη
1021 1568 1108 1655 πρὸς
1138 1566 1179 1637 τό
1209 1573 1488 1655 καταμέμφεσθαι
1518 1576 1569 1659 τῷ
1599 1569 1645 1659 μή

333 1662 460 1754 ὁμοίως
483 1662 578 1756 αύτῷ
602 1662 780 1752 φάσκοντι.
823 1661 1015 1737 ἐπάκουσον
1037 1660 1099 1737 σύν
1121 1660 1218 1749 ὅπως
1240 1664 1359 1757 γράφει
1382 1673 1492 1755 λέγων
1662 1690 1695 1742 21

395 1769 464 1851 (Nr.
487 1771 538 1850 23)
562 1764 616 1836 διὰ
639 1772 743 1835 τοῦτο
767 1770 885 1836 τοίνυν
908 1772 1001 1836 δοκεῖ
1019 1794 1077 1852 μοι
1098 1772 1213 1849 καλῶς
1235 1768 1320 1855 ἐχειν
1342 1769 1392 1838 ἔτι
1414 1775 1491 1854 περὶ
1513 1760 1565 1838 ῶν
1586 1798 1645 1858 μη-

399 1871 492 1935 δέπω
514 1860 683 1952 πρότερον
708 1870 853 1953 διῆλθον
876 1874 949 1936 νυνὶ
974 1873 1130 1938 διελθεῖν.
1171 1866 1212 1936 τὰ
1234 1867 1297 1955 γάρ
1320 1878 1464 1937 πλεῖστα
1487 1875 1560 1938 τῶν
1588 1864 1644 1939 ὑπ’
1661 1893 1698 1946 22

396 1961 503 2035 αύτοῦ
524 1971 725 2052 γραφέντων
756 1968 792 2033 ἐκ
819 1972 892 2035 τῶν
919 1961 983 2053 ήδη
1009 1972 1268 2055 προειρημένων
1292 1962 1368 2055 ήμῑν
1390 1973 1528 2055 γέγονεν
1551 1974 1645 2055 δῆλα.

398 2069 458 2134 νίκ
489 2063 676 2151 γαστρὸςι
712 2072 814 2150 φησὶν
838 2062 932 2151 »πρὸ
956 2061 1420 2154 ἑωσφόρουέξεγέννησά
1447 2089 1516 2138 σει.
1556 2063 1645 2156 ηἶετο

395 2164 457 2251 γάρ
479 2159 621 2245 πάντως
636 2192 704 2234 που
719 2162 784 2252 τήν
799 2167 834 2249 ἐξ
855 2160 1020 2252 πρόθεσιν
1040 2174 1226 2235 κλαπεῖσαν
1248 2174 1507 2254 συνδραμεῖσθαι
1528 2175 1569 2255 τῇ
1585 2173 1646 2254 τῆς

396 2266 553 2349 αἰρέσεως
583 2262 709 2350 γνώμη.
753 2261 804 2332 διὸ
836 2260 877 2331 τό
907 2262 1124 2350 κυριῶτατον
1155 2271 1216 2352 τῆς
1244 2271 1411 2352 συλλαβῆς
1433 2267 1559 2352 ἐξελῶν
1582 2265 1646 2355 τήν

396 2358 538 2450 άρχαίαν
559 2358 666 2432 αύτοῦ
687 2358 909 2449 άναγέννησιν
931 2369 1075 2452 σημῆναι
1097 2362 1276 2451 ἐβουλήθη.

333 2469 388 2533 καὶ
411 2460 590 2551 ἐπειδήπερ
612 2464 651 2530 ἐν
673 2458 811 2542 τούτοις
833 2468 976 2548 ἰσχυρῶς
999 2469 1186 2533 διετείνατο
1208 2469 1284 2550 περὶ
1307 2470 1370 2533 τοῦ
1390 2469 1517 2536 οἰκείου
1538 2460 1644 2550 σφάλ·

282 2580 316 2633 20
332 2591 439 2651 ματος
470 2559 534 2632 τὸν
564 2556 680 2648 ὀρθῶς
708 2559 888 2649 γράψαντα
909 2558 1139 2650 μεμψάμενος)
1170 2558 1268 2632 ου’δὲν
1295 2560 1398 2646 αύτός
1425 2564 1546 2646 εἰπῶν,
1573 2582 1645 2645 τοῖς

334 2657 594 2749 ἐντυγχάνουσιν
626 2660 691 2748 τήν
721 2656 830 2749 αύτήν
861 2666 922 2748 τής
953 2655 1178 2749 άναγνῶσεως
1207 2667 1417 2750 παραδίδωσι
1448 2671 1645 2752 μαρτυρίαν.

333 2761 466 2847 προϊῶν
489 2756 521 2830 δ’
545 2751 643 2840 αὖθις
665 2754 684 2830 ό
707 2755 810 2842 αύτός
833 2756 955 2848 εἰσάγει
977 2758 1040 2831 τόν
1067 2766 1205 2849 σωτῆρα
1232 2767 1378 2850 λέγοντα
1413 2762 1497 2851 »ἐγῶ
1528 2769 1593 2851 εἰμι
1623 2758 1697 2852 ἦ23

333 2858 467 2948 ήμέραι,
491 2850 559 2928 σόδέ
578 2886 626 2946 πη
650 2856 792 2945 φάσκων

396 2964 465 3043 (Nr.
496 2964 547 3046 25)
580 2954 722 3040 σκότους
753 2959 815 3049 γὰρ
847 2952 948 3042 ὄντος
977 2957 1150 3048 πρότερον
1181 2958 1234 3031 διὰ
1265 2959 1330 3050 τήν
1361 2966 1422 3049 τῆς
1452 2969 1644 3044 θεοσεβείας

282 3076 315 3131 25
395 3059 553 3148 ἄγνοιαν,
588 3065 649 3147 τῆς
680 3062 715 3128 δὲ
747 3056 870 3147 ἡμέρας
901 3067 1082 3146 φαίνεσθαι
1104 3059 1289 3148 μελλούσης
1309 3062 1427 3149 (εέγῶι
1453 3058 1515 3147 γάρ
1540 3066 1640 3147 »εἰμιι

397 3165 498 3247 φησὶν
524 3154 563 3246 νή
585 3154 723 3246 ἡμέραι)
747 3156 888 3241 εἰκότως
911 3160 975 3231 τὸν
999 3157 1122 3248 ἀστέρα
1144 3155 1324 3249 ἑωσφόρον
1346 3154 1512 3249 ὀνομάζει.

332 3264 387 3327 καί
409 3263 446 3328 ἐν
468 3258 573 3345 ἑτέρῳ
596 3253 694 3347 τόπῳ
718 3265 820 3345 (μησίν
1662 3279 1697 3333 24

396 3362 464 3442 (Nr.
481 3364 533 3441 37)
565 3357 681 3445 ἐπειδή
705 3356 791 3448 [τήν]
814 3357 898 3447 μετὰ
921 3356 985 3447 τήν
1007 3365 1068 3448 τῆς
1094 3355 1218 3447 σαρκὸς
1245 3354 1416 3447 άνάληηειν
1439 3355 1586 3447 Χριστός
1607 3387 1644 3429 τε

395 3464 450 3527 καί
473 3453 594 3543 Ἰησοῦς
616 3455 828 3545 κηρύττεται,
853 3454 922 3545 ζωή
945 3486 982 3526 τε
1004 3464 1059 3528 καί
1082 3453 1161 3541 ὁδὸς
1182 3464 1237 3529 καί
1259 3454 1372 3546 ἡμέρα.

284 3573 317 3626 30
332 3565 388 3627 καί
411 3550 509 3637 αὖθις
530 3557 664 3642 πρσῖῶν
686 3562 750 3627 τοῦ
772 3553 970 3627 ἀποστόλου
993 3565 1128 3644 τίθησιν
1151 3556 1191 3627 τὸ

396 3659 464 3742 (Νε.
483 3662 511 3740 1)
537 3651 576 3743 νή
599 3661 633 3726 δὲ
657 3652 800 3743 ήμετέρα
820 3651 1028 3745 Ἰερουσαλήμ
1051 3657 1125 3728 άνω
1148 3661 1269 3728 ἐστίνι.

332 3763 387 3825 καί
412 3764 445 3826 τί
467 3783 507 3842 με
532 3762 583 3825 δεῖ
603 3754 772 3843 μηκύνειν,
794 3756 907 3844 παρὸν
929 3764 980 3846 τῷ
1012 3763 1208 3846 βουλομένῳ
1231 3762 1268 3828 ἐκ
1290 3764 1363 3828 τῶν
1386 3763 1572 3846 εἰρημένων
1601 3757 1646 3828 τά
1663 3776 1695 3829 25

333 3852 551 3943 παραπλήσια
574 3857 611 3923 ἐκ
635 3860 697 3923 τοῦ
718 3854 850 3937 παντὸς
872 3854 1127 3946 συγγράμματος
1142 3854 1365 3945 ἀναλέγεσθαι
1379 3864 1436 3926 καί
1459 3855 1500 3928 τὸ
1516 3855 1645 3944 εὐχερὲς

419 4025 532 4080 Ιβὸιο.
552 4027 610 4090 1,4
634 4024 690 4093 vgl.
707 4024 740 4077 'h'
764 4043 797 4079 zu
815 4024 840 4077 d.
861 4026 899 4079 st.
926 4055 959 4064 —
991 4026 1107 4081 41z5m.
1126 4029 1184 4087 1,4
1209 4057 1243 4066 -
1270 4027 1289 4081 θ
1313 4026 1480 4093 Ps.109,3:
1508 4022 1644 4096 ἐγέννησα

334 4127 433 4182 &CRAT
450 4123 619 4195 έξεγέννησα
638 4127 682 4181 &R
700 4143 722 4180 e.
741 4125 883 4183 sik-15
902 4128 1081 4194 Ps.109,3-
1104 4128 1165 4183 2θί
1180 4129 1235 4197 vgl.
1250 4129 1276 4183 S.
1286 4130 1327 4195 50,
1337 4131 1368 4182 ll
1387 4157 1421 4166 -
1439 4128 1477 4183 22
1496 4128 1511 4180 ’ἰ
1529 4158 1560 4166 -
1580 4126 1644 4183 25¹?

333 4258 367 4266 -
383 4229 422 4283 29
441 4228 502 4282 Joh.
515 4231 580 4291 14,ss
599 4257 632 4266 -
650 4229 688 4283 81
710 4229 770 4282 Gal.
788 4232 813 4293 4,
832 4230 865 4284 26

419 4380 434 4434 l
456 4375 626 4446 ἀπόστολος]
645 4386 676 4441 -Ι-
696 4373 726 4432 έν
752 4397 779 4445 r,
798 4379 868 4432 doch
887 4379 943 4449 νηί.
967 4379 1001 4433 δε
1023 4378 1089 4433 eccl.
1107 4380 1146 4433 th.
1165 4380 1186 4445 1,
1204 4381 1245 4443 20,
1263 4381 1297 4434 89
1320 4381 1324 4447 Ι
1352 4380 1366 4433 7
1386 4385 1439 4433 τοῦ
1456 4375 1512 4449 πρὸ
1530 4378 1577 4431 Mo
1594 4385 1644 4434 τοῦ

332 4479 420 4549 λόγου
438 4480 463 4533 V
482 4478 538 4549 πρὸ
557 4479 639 4546 (ohne
661 4480 747 4546 τοῦγλ
765 4479 890 4550 Wevgl.
910 4482 936 4534 Z.
956 4482 988 4535 16
1006 4499 1032 4534 u.
1050 4479 1176 4551 Register
1208 4483 1213 4549 1
1256 4482 1291 4536 ll
1312 4486 1426 4549 γοῦνιυ
1467 4481 1472 4548 1
1515 4480 1551 4534 12
1574 4474 1645 4535 ἐτιε

332 4582 393 4637 taV
409 4584 413 4649 ι
430 4582 468 4637 18
486 4583 599 4647 διῆλθεν
611 4581 644 4647 V,
663 4598 730 4636 corr.
740 4582 787 4636 Mo
802 4583 806 4649 Ι
832 4582 945 4637 13-18
957 4580 1034 4637 τά-
1044 4578 1195 4653 ἐβουλήθη]
1211 4581 1252 4635 als
1265 4580 1405 4637 Eusebius‘
1415 4580 1514 4637 Worte
1525 4583 1590 4651 mg!
1606 4581 1640 4636 λλ

333 4680 397 4749 ,,έξ“
416 4677 488 4737 ἑλὼν
499 4723 504 4734 .
517 4722 523 4734 .
534 4723 540 4735 .
550 4676 610 4737 ἄνω
625 4681 755 4752 γέννησιν
767 4683 841 4737 Zahn
854 4685 903 4738 113
915 4683 970 4753 vgl.
983 4684 1029 4737 Mo
1041 4684 1083 4737 Re
1107 4687 1110 4751 Ι
1127 4683 1166 4738 26
1183 4682 1243 4752 τὸν]
1264 4679 1365 4738 ἑαυτὸν
1377 4683 1424 4738 Mo
1439 4686 1444 4753 1
1460 4683 1498 4739 28
1516 4684 1608 4750 τὴν<
1617 4701 1643 4736 m
