3728 5508
657 476 754 531 eontra
770 473 932 530 Marcellum
950 475 975 528 ll
993 478 1018 531 3.
1452 486 1492 546 49

246 636 376 723 εἰκόνες
389 648 445 712 καί
460 636 628 713 ἀπόντων
643 644 806 709 δεικτικαί
821 642 913 722 εἰσιν,
930 635 1089 710 ὥστεκαὶ
1105 635 1313 711 τόνάπόντα
1324 635 1365 711 δι’
1376 636 1493 711 αύτοῦν

246 746 430 827 φαίνεσθαι
460 745 581 812 δοκεῖν.
623 743 653 811 εί
675 743 710 809 δέ
736 743 799 809 τοῦ
821 746 907 810 θεοῦ
933 734 1084 826 ἀοράτου
1110 731 1212 820 ὄντος
1234 733 1387 827 ἀόρατον
1408 740 1493 811 εἶναι

245 847 302 909 καὶ
324 838 389 911 τόν
410 837 517 927 λόγον
538 847 721 926 συμβαίνει,
752 844 829 920 πῶς
850 839 972 910 είκιδν
993 844 1065 910 τοῦ
1087 834 1264 927 ἀοράτου
1286 845 1384 911 θεοῦ
1413 835 1493 911 καθ’

245 937 371 1011 ἑαυτὸν
397 932 416 1010 5
439 934 540 1028 λόγος
560 940 646 1011 είναι
668 937 822 1023 δύναται,
847 944 902 1008 καί
925 934 1028 1020 αὐτὸς
1049 934 1197 1026 ἀόρατος
1218 935 1285 1024 οόν,·
1320 935 1494 1011 ἀδύνατον

151 1054 166 1107 ο
244 1038 310 1130 γὰρ
332 1038 373 1111 τό
395 1038 440 1128 μὴ
462 1033 592 1126 όρατόν
614 1037 669 1110 διὰ
691 1044 754 1109 τοῦ
775 1034 928 1125 ἀοράτου
949 1045 1100 1129 φανῆναί
1120 1067 1216 1110 ποτε.

180 1146 236 1210 καὶ
259 1144 298 1211 ἐν
321 1136 456 1221 τούτοις
478 1144 513 1209 δέ
535 1132 555 1210 ό
577 1135 775 1226 Μάρκελλος
796 1134 838 1209 ού
858 1143 993 1231 συνορᾷ,
1016 1132 1071 1211 ότι
1092 1143 1120 1209 εἰ
1142 1137 1207 1228 τὴν
1227 1135 1334 1226 σάρκα
1353 1144 1492 1227 δοίημεν
1510 1143 1543 1198 25

180 1240 268 1311 εἰναι
292 1237 356 1328 τὴν
378 1236 492 1310 εἰκόνα
514 1244 577 1309 τοῦ
599 1244 692 1321 θεοῦ,
721 1234 794 1325 ἀρα
815 1244 872 1309 καί
892 1234 1039 1310 πάντων
1062 1234 1265 1328 ἀνθρώπων
1287 1238 1348 1318 τὰς
1369 1235 1493 1324 σάρκας

180 1345 236 1410 καί
258 1337 304 1409 τά
326 1345 401 1410 τῶν
422 1335 594 1427 σωμάτων
614 1336 783 1427 πρόσωπα
804 1333 936 1421 εἰκόνας
957 1339 1043 1410 εἰναι
1066 1344 1175 1427 λέγειν
1197 1344 1261 1409 τοῦ
1283 1345 1376 1422 θεοῦ,
1405 1336 1493 1408 ὥστε

179 1433 256 1509 κατ’
280 1433 389 1509 αύτόν
409 1442 513 1526 μηδὲν
528 1440 701 1525 ἐξαίρετον
716 1441 889 1527 ἐσχηκέναι
912 1436 974 1509 τόν
996 1444 1146 1527 σωτῆρα.
1188 1432 1208 1509 5
1231 1433 1259 1509 δ
1283 1434 1397 1526 ὥσπερ
1423 1442 1493 1509 ἐπι·

135 1556 165 1610 10
180 1536 378 1628 λαθόμενος
411 1528 463 1608 τόν
492 1536 576 1626 μετὰ
608 1542 716 1608 ταῦτα
745 1544 821 1625 περὶ
851 1544 912 1627 τῆς
943 1536 1068 1627 σαρκός
1100 1542 1308 1626 συνέγραφεν
1335 1536 1495 1622 (εδούλου

179 1638 338 1728 μορφὴν(
364 1632 472 1726 αὐτὴν
494 1637 602 1708 είπών
623 1641 659 1721 ἐξ
681 1632 911 1727 ἀποστολικῆς
932 1643 1154 1727 παραθέσεως
1175 1644 1231 1708 καί
1251 1636 1306 1708 διὰ
1327 1643 1433 1707 τοῦτο
1447 1635 1493 1726 μὴ

180 1736 351 1809 δύνασθαι
372 1754 521 1809 συνεῖναι
543 1742 595 1826 τῷ
618 1732 711 1826 λόγῳ
734 1735 788 1809 διὰ
810 1736 852 1809 τό
877 1736 1023 1810 »δούλου
1043 1734 1199 1826 μορφὴν(
1218 1737 1313 1819 εἶναι,
1336 1731 1493 1807 ἀλλὰκαὶ
1510 1760 1544 1814 26

181 1843 293 1927 τνννῦ
315 1842 358 1924 τῦ
379 1843 512 1924 κεφαλῇ
534 1833 644 1926 νόσος

246 1939 404 2022 (Nr.104>
425 1941 502 2015 ποῦς
523 1940 664 2024 ἐγχωρεῖ
683 1935 748 2026 τὴν
769 1939 807 2006 ἐκ
828 1942 889 2026 γῆς
910 1966 948 2007 τε
971 1928 1076 2007 οῦσαν
1096 1944 1152 2006 καὶ
1173 1942 1276 2026 μηδὲν
1291 1932 1495 2023 ἀφελοῦσαν

133 2054 163 2106 15
246 2041 284 2108 ἰν
306 2053 379 2118 τοῖς
400 2041 582 2125 μέλλουσιν
604 2042 726 2108 αἰῶσιν
746 2056 895 2109 συνεῖναι
917 2042 967 2126 τῷ
991 2031 1121 2125 λόγῳ;),

181 2138 270 2208 είναι
293 2132 408 2207 εἰκόνα
430 2141 493 2205 τοῦ
514 2130 665 2225 ἀοράτου
687 2142 771 2209 θεοῦ
794 2135 859 2226 τὴν
884 2133 991 2222 σάρκα
1017 2141 1072 2207 ἐπί
1100 2141 1163 2207 τοῦ
1188 2130 1363 2222 παρόντος
1387 2136 1494 2222 [εἶναι]

181 2242 430 2323 διισχυρίζεται,
452 2233 744 2325 διαβεβαιούμενος
766 2230 1014 2322 ἀποφαντικεῦς

246 2337 316 2420 <Nn
337 2341 390 2420 82)
421 2326 476 2405 ότι
506 2332 573 2420 πρό
601 2340 662 2423 τῆς
689 2340 752 2405 τοῦ
773 2331 939 2424 ἡμετέρου
960 2336 1118 2423 σώματος
1140 2330 1345 2424 ἀναλήψεως
1367 2332 1430 2407 οῦκ
1453 2328 1494 2424 ἦν

247 2436 351 2506 είκοδν
373 2440 436 2506 τοῦ
458 2430 609 2522 ἀοράτου
630 2440 715 2507 θεοῦ
736 2428 756 2505 ό
778 2430 880 2524 λόγος
900 2440 956 2507 45⁹
980 2430 1094 2505 αῦτοῦ.

133 2547 165 2601 20
181 2539 238 2607 καὶ
260 2525 363 2616 αὖθις
383 2532 469 2621 μετὰ
490 2532 533 2605 τὰ
555 2538 740 2605 ἐκτεθέντα
762 2537 911 2621 ἐπιφέρει
934 2539 1046 2623 λέγων
1511 2550 1543 2602 27
1647 2560 1650 2566 “

247 2636 317 2718 (Nr.
332 2638 384 2719 83)
407 2631 460 2704 διό
481 2631 703 2722 πανταχόθεν
724 2640 831 2722 δῆλον
852 2630 967 2705 εἰκόνα
989 2638 1052 2703 τοῦ
1074 2626 1224 2722 ἀοράτου
1243 2639 1328 2705 θεοῦ
1348 2630 1416 2704 ύπό
1433 2640 1495 2706 τοῦ

246 2735 341 2819 ίεροῦ
362 2728 737 2820 είρῆσθαιάποστόλου
752 2732 817 2822 τὴν
831 2737 1109 2822 προσγενομένην
1126 2739 1177 2822 τῷ
1193 2728 1285 2822 λόγῳ
1300 2729 1416 2821 σάρκα,
1440 2738 1495 2805 ἵνα

247 2830 303 2903 διὰ
325 2839 389 2903 τοῦ
410 2827 538 2918 όρατοῦ
563 2840 620 2902 καί
649 2832 691 2905 τό
722 2828 876 2921 ἀόρατον
906 2840 1078 2921 φαίνηται.
1124 2833 1261 2903 εείκώνι
1296 2837 1332 2903 δέ
1364 2833 1491 2903 εἰστλν(

248 2937 354 3020 φησίν
375 2926 394 3002 5
417 2926 610 3013 ἀπόστολος
635 2939 716 3005 »τοῦ
737 2928 890 3021 ἀοράτου
912 2938 1025 3005 θεοῦι.
1068 2938 1130 3005 νῦν
1152 2928 1323 3021 δηλονότι,
1347 2927 1495 3021 ὁπηνίκα

248 3029 314 3120 τὴν
326 3026 402 3101 κατ’
419 3027 533 3102 εἰκόνα
555 3037 618 3102 τοῦ
640 3038 724 3103 θεοῦ
746 3037 932 3121 γενομένην
952 3027 1137 3120 ἀνείληφεν
1159 3029 1276 3120 σάρκα,
1299 3032 1402 3104 είκών
1417 3027 1494 3119 ἀλη·

248 3129 316 3219 θὴς
337 3136 402 3202 τοῦ
424 3127 574 3219 ἀοράτου
595 3138 680 3202 θεοῦ
701 3137 848 3219 γέγονεν.
891 3138 920 3202 εί
950 3131 1015 3221 γὰρ
1045 3129 1100 3203 διά
1127 3136 1188 3221 τῆς
1214 3127 1346 3212 εἰκόνος
1368 3129 1494 3219 ταύτης
1512 3147 1546 3201 28

248 3227 311 3301 τόν
332 3236 397 3302 τοῦ
418 3236 503 3303 θεοῦ
518 3226 624 3319 λόγον
642 3226 838 3321 ἠξιώθημεν
852 3237 991 3319 γνῶναι,
1013 3229 1184 3302 πιστεύειν
1203 3225 1385 3320 όφείλομεν
1399 3227 1493 3319 αῦτῴ

248 3336 300 3420 τῷ
323 3326 415 3420 λόγῳ
439 3328 494 3400 διά
517 3336 577 3420 τῆς
599 3326 731 3413 εἰκόνος
761 3337 895 3419 λέγοντι
928 3332 1012 3419 »ἐγώ
1040 3338 1097 3401 καὶ
1123 3326 1142 3401 5
1168 3329 1281 3419 πατὴρ
1309 3331 1345 3401 έν
1366 3334 1495 3419 ἐσμενι.

249 3421 328 3500 ούτε
350 3427 413 3518 γάρ
435 3426 626 3519 τὸνλόγον
648 3422 728 3502 οότε
750 3428 813 3501 τόν
835 3436 967 3517 πατέρα
989 3436 1053 3501 τοῦ
1075 3426 1180 3519 λόγου
1199 3439 1301 3517 χωρὶς
1323 3435 1384 3519 τῆς
1412 3425 1495 3500 είκό·

136 3538 168 3593 30
249 3557 309 3611 νος
330 3527 457 3619 ταύτης
479 3535 608 3618 γνῶναί
629 3558 706 3600 τινα
728 3525 884 3601 δυνατόν.

185 3635 242 3699 καὶ
265 3623 371 3699 πάλιν
393 3633 544 3719 ἐπιφέρει
1513 3648 1546 3702 29

249 3729 319 3812 (Nr.
332 3735 385 3815 84)
408 3722 502 3799 οῦτω
517 3734 600 3817 γοῦν
613 3736 670 3798 καὶ
685 3724 704 3800 ό
720 3724 915 3810 άπόοτολός
934 3733 939 3816 Ι
958 3754 1070 3817 φησιν,
1088 3725 1202 3815 ὥσπερ
1216 3732 1325 3817 μικρῷ
1341 3724 1496 3816 πρόσθεν
1513 3749 1553 3804 48

250 3830 378 3917 ἔφαμεν
402 3832 585 3899 »ἐκένωσεν
608 3828 732 3901 ἑαυτὸν
745 3827 882 3917 μορφὴν
897 3828 1023 3901 δούλου
1037 3828 1181 3914 λαβωνι,
1204 3826 1258 3899 διὰ
1280 3833 1341 3916 τῆς
1362 3832 1496 3916 μορφῆς

250 3933 314 3998 τοῦ
335 3924 460 3999 δούλου
476 3926 540 4017 τὴν
555 3923 783 4016 ἀνθρωπίνην
805 3924 884 4016 ἡμῖν
905 3935 1077 4017 σημαίνων
1092 3925 1209 4015 σάρκα,
1231 3924 1275 4015 ἢν
1294 3920 1496 4015 όδεσπότης

273 4147 292 4203 8
310 4146 805 4214 R01.1,15-10Phil.2,7—1011
820 4145 1034 4215 vgl.Nr.104-
1046 4147 1083 4202 12
1103 4145 1173 4200 Phil.
1182 4147 1232 4212 2,7
1246 4173 1280 4184 -
1299 4147 1337 4201 19
1355 4144 1452 4211 Rom,
1465 4150 1496 4202 15

187 4248 276 4303 -21
297 4247 453 4316 Κο1.1,15
479 4277 512 4288 —
539 4246 701 4315 mom,
721 4251 753 4303 15
779 4278 813 4286 —
839 4248 878 4303 25
897 4248 959 4303 ΚοΙ.
978 4252 1001 4316 1,
1021 4250 1053 4303 15
1080 4278 1112 4286 -
1140 4247 1179 4302 28
1197 4246 1258 4301 Joh.
1278 4248 1318 4313 10,
1337 4248 1371 4301 30
1397 4276 1430 4285 —
1457 4246 1496 4303 83

188 4347 258 4403 Phil.
276 4349 335 4416 2,7

274 4551 293 4606 8
319 4543 435 4613 εἰκόνας
461 4566 488 4601 m
515 4544 656 4604 εἰκόναθ
681 4548 685 4616 Ι
714 4546 749 4602 16
767 4541 855 4603 εἶναι2
880 4552 927 4603 είτ.
947 4549 985 4602 V²
1010 4550 1015 4616 1
1041 4547 1082 4603 2⁸
1109 4553 1267 4621 ορατοῦ..
1294 4540 1423 4620 ἀόρατον
1450 4547 1496 4601 Mo

190 4646 318 4722 ἀοράτου
338 4691 345 4704 .
365 4689 372 4704 .
391 4640 499 4718 όρατδν
519 4649 541 4701 V
568 4649 572 4715 Ι
600 4648 638 4703 25
657 4645 773 4717 ἀληθῶς
790 4667 817 4702 m
844 4650 848 4717 l
876 4650 915 4704 80
932 4666 987 4705 τινι
1004 4662 1046 4703 mr

246 4735 367 4780 Eusebius
380 4734 420 4779 lv.
1275 4739 1293 4789 4
