3728 5508
931 486 1063 542 Eusebius

404 646 595 738 γεννήσας
625 655 665 736 ἐξ
693 645 816 720 αὐτοῦ
839 647 910 721 τόν
930 656 1130 740 μονογενῆ
1152 647 1274 739 λόγον
1295 656 1359 721 καὶ
1380 645 1652 739 πρωτότοκον

402 746 529 838 πάσης
559 756 733 831 κτίσεως
776 745 953 839 ἀμφότερα
982 747 1134 838 συνάψας
1164 757 1331 873 γέγραφεν
1361 755 1598 867 μονογενῆ
1588 754 1651 819 καί

402 848 684 937 πρωτότοκον,
707 855 840 938 πολλῆς
862 847 1107 940 ἐναντιότητος
1125 855 1162 923 ἐν
1177 869 1250 935 τοῖς
1263 846 1428 940 ὀνόμασιν
1450 842 1552 939 οόσης
1573 848 1651 921 τού-

403 976 486 1069 τρις,
509 945 557 1030 ῶς
579 951 671 1020 ἔστιν
687 946 806 1040 ῥόδεον
824 959 881 1022 καὶ
905 969 979 1034 τοῖς
1001 946 1133 1040 σφόδρα
1155 956 1359 1072 δυσραθέσιν
1374 956 1512 1038 γνῶναι.
1544 953 1651 1039 δῆλον
1669 964 1703 1017 13

402 1048 465 1138 γάρ
497 1043 552 1121 ότι
583 1043 601 1121 ό
632 1047 832 1140 μονογενής,
864 1043 943 1120 εἷ’
923 1079 1036 1134 σντως
1064 1050 1251 1140 μονογενής
1278 1054 1343 1140 εἰη,
1374 1046 1488 1122 οόκέτι
1514 1046 1652 1136 πρωτό·

404 1177 507 1231 τοκυς
522 1148 608 1220 εἰναι
624 1147 773 1233 δύναται,
795 1158 851 1221 καὶ
867 1144 885 1221 6
900 1147 1128 1237 πρωτότοκος
1143 1144 1164 1239 ῆ
1180 1146 1438 1239 <πρωτότοκος>
1454 1144 1496 1221 ού
1510 1147 1653 1221 δυ’ναται

401 1248 588 1340 μονογενής
609 1250 703 1322 εἰναι.

339 1357 395 1420 καὶ
419 1354 456 1421 ἐν
473 1346 610 1445 τούτοις
631 1354 667 1420 δὲ
689 1347 753 1420 τὸν
774 1347 943 1436 Ἀστέριον
965 1353 1115 1421 αἰτιᾶται
1136 1347 1265 1440 μάτην·
1287 1345 1328 1421 σύ
1349 1348 1413 1438 γὰρ
1436 1345 1543 1422 αύτοῦ
1564 1344 1652 1419 ἀλλά

341 1455 402 1539 τῆς
417 1458 513 1532 θείας
533 1453 664 1538 γραφῆς
685 1446 873 1537 ἐτύγχανον
894 1451 928 1520 αἰ
951 1457 956 1533 Ι
976 1446 1040 1521 τόν
1058 1448 1134 1521 υἰόν
1155 1456 1219 1523 τοῦ
1239 1455 1326 1521 θεοῦ
1346 1453 1434 1521 ποτέ
1454 1453 1516 1537 μὲν
1538 1454 1653 1538 λέγου-
1671 1462 1710 1517 21

290 1563 324 1618 10
340 1574 395 1622 σαι
421 1554 589 1638 μονογενῆ
619 1547 694 1620 υίόν
715 1554 802 1620 ποτὲ
831 1554 867 1619 δὲ
888 1544 1119 1636 πρωτότοκον
1147 1555 1203 1622 λό’
1230 1546 1340 1638 πάσης
1361 1556 1505 1631 κτίσεως
1529 1555 1652 1636 φωναί.

342 1643 441 1734 αὖθις
465 1655 500 1720 δέ
524 1644 687 1720 συνάπτει
709 1645 847 1731 τούτοις
870 1654 981 1736 λέγων
1671 1664 1705 1716 14

412 1752 482 1837 (Nr.
501 1754 554 1835 76)
576 1743 650 1819 ἀλλ’
675 1744 842 1837 ἀφέμενος
864 1753 925 1837 τῆς
948 1744 1100 1837 ἀληθοῦς
1121 1747 1280 1837 γνῶσεως
1302 1750 1367 1839 τήν
1390 1752 1551 1837 ἔντεχνον
1573 1744 1653 1838 ἡμῖν

403 1856 459 1919 καλ
474 1854 537 1918 νῦν
551 1852 746 1933 ἐπεδείξατο
768 1856 928 1935 θεωρίαν.
966 1843 1028 1920 ούκ
1047 1849 1133 1936 έχων
1153 1849 1216 1936 γὰρ
1232 1851 1270 1919 ἐκ
1288 1855 1361 1921 τῶν
1382 1855 1493 1920 θείων
1506 1853 1653 1937 γραφῶν

404 1946 446 2019 τό
463 1949 586 2020 ἑαυτοῦ
600 1944 846 2019 κατασκευάσαι
867 1944 1028 2037 βούλημα,
1044 1949 1099 2018 ἐπὶ
1115 1946 1196 2030 τούς
1210 1945 1447 2035 σοφωτάτους,
1470 1944 1519 2031 ῶς
1534 1951 1652 2031 οἴεται,

405 2046 580 2136 ἀνατρέχει
594 2051 743 2130 πατέρας
758 2042 913 2134 φάσκων·
936 2039 1033 2137 ὅπερ
1055 2048 1092 2118 οἰ
1114 2046 1350 2134 σοφῶτατοι
1365 2053 1449 2118 τῶν
1463 2052 1653 2135 πατέρων

404 2153 445 2220 έν
468 2166 554 2231 τοῖς
576 2151 743 2228 οἰκείοις
764 2142 1033 2236 συντάγμασιν
1056 2142 1326 2235 ἀπεφήναντο.
1368 2143 1544 2233 ἀπόφασιν
1567 2141 1651 2219 ἀπο·
1672 2159 1704 2211 15

402 2243 578 2335 πεφάσθαι
605 2245 686 2328 τοὺς
712 2246 837 2317 ἑαυτοῦ
860 2251 1012 2332 πατέρας
1032 2240 1198 2334 Ἀστέριός
1224 2269 1327 2334 φησιν
1349 2255 1406 2317 καὶ
1434 2245 1542 2337 δόγμα
1573 2253 1651 2333 περὶ

402 2352 488 2418 θεοῦ
502 2350 705 2435 γεγραφέναι
720 2341 788 2416 ἀπὸ
803 2350 864 2433 τῆς
879 2350 1003 2427 οἰκείας
1020 2346 1154 2417 ἑαυτῶν
1175 2350 1413 2432 προαιρέσεως.
1451 2345 1492 2418 τό
1506 2345 1570 2436 γάρ
1587 2352 1651 2418 τοῦ

403 2443 572 2535 δόγματος
586 2437 696 2534 όνομα
711 2450 772 2534 τῆς
787 2440 1009 2533 ἀνθρωπίνης
1024 2446 1134 2532 ἔχεται
1148 2450 1272 2533 βουλῆς
1287 2451 1395 2515 τεκαὶ
1417 2444 1566 2535 γνῶμης.
1595 2442 1651 2516 ότι
1672 2458 1704 2513 16

404 2553 441 2617 δὲ
460 2541 559 2617 τοῦθ’
583 2538 695 2626 οότως
719 2546 784 2633 ἔχει
805 2561 967 2633 μαρτυρεῖ
987 2549 1048 2632 μὲν
1071 2539 1151 2633 ῆμῖν
1171 2547 1298 2626 ἱκανῶς
1324 2540 1345 2633 6
1368 2544 1555 2634 δογματική
1578 2553 1652 2617 τῶν

403 2651 536 2734 ἰατρῶν
563 2649 677 2732 τέχνη,
708 2661 874 2731 μαρτυρεῖ
900 2649 1014 2714 δὲκαὶ
1042 2642 1085 2714 τά
1118 2649 1191 2714 τῶν
1224 2642 1428 2732 φιλοσόφων
1457 2641 1653 2734 καλούμενα

403 2741 604 2833 <δόγματα>·
648 2737 703 2813 ότι
734 2749 848 2814 δὲκαὶ
871 2741 914 2812 τὰ
945 2739 1125 2833 συγκλήτῳ
1157 2739 1305 2829 δόξαντα
1332 2745 1382 2813 ἔτι
1404 2751 1460 2814 καὶ
1491 2751 1554 2816 νῦν
1576 2743 1653 2833 δόγ-

402 2871 493 2932 ματα
520 2838 710 2930 συγκλήτου
736 2848 876 2928 λέγεται,
899 2838 1020 2916 οὐδένα
1043 2838 1178 2929 ἀγνοεῖν
1201 2844 1301 2932 οἶμαι.

341 2950 396 3013 καὶ
425 2949 534 3014 ταῦτα
556 2947 592 3011 δε
614 2937 633 3013 6
657 2938 868 3029 Μάρκελλος,
896 2938 1134 3032 ἀμνημονήσας
1154 2947 1215 3030 τῆς
1236 2938 1467 3032 ἀποστολικῆς
1489 2949 1608 3033 φωνῆς
1632 2940 1654 3034 6

289 3066 323 3120 25
342 3066 445 3133 φησιν
473 3049 549 3129 περὶ
579 3046 643 3113 τοῦ
673 3046 829 3130 σωτῆρος
863 3040 944 3112 »τόν
975 3040 1082 3128 νόμον
1112 3049 1185 3112 τῶν
1214 3045 1370 3113 ἐντολῶν
1396 3062 1469 3125 τοῖς
1490 3039 1654 3134 δόγμασιν

340 3140 583 3232 καταργήσαςι,
614 3138 772 3230 προήχθη
795 3146 916 3224 εἰπεῖν,
942 3137 1109 3212 ἀλλὰκαὶ
1139 3146 1305 3229 μέμφεται
1337 3147 1387 3230 τῷ
1417 3150 1487 3214 δεῖν
1510 3143 1653 3213 ἕπεσθαι

341 3262 414 3325 τοῖς
434 3239 614 3329 πατράσιν,
637 3246 698 3329 τῆς
713 3245 809 3323 θείας
829 3238 1020 3328 φασκούσης
1033 3246 1166 3328 γραφῆς
1183 3241 1421 3328 »ἐπερώτησον
1437 3241 1500 3313 τόν
1521 3247 1653 3330 πατέρα

340 3368 402 3415 σου
431 3349 487 3413 καὶ
509 3338 687 3430 ἀναγγελεῖ
706 3362 776 3410 σοι·
801 3339 881 3421 τούς
906 3346 1154 3427 πρεσβυτέρους
1182 3362 1243 3411 σου
1264 3347 1320 3411 καὶ
1342 3345 1477 3428 ἐροῦσίν
1499 3363 1572 3412 σοιε
1595 3348 1652 3410 καὶ
1672 3353 1706 3407 17

344 3441 405 3532 »μῆ
423 3446 559 3530 μέταιρε
581 3433 657 3528 όρια
672 3438 794 3510 αἰῶνια
817 3431 838 3507 6
860 3442 982 3510 ἔθεντο
1009 3441 1042 3509 σί
1063 3445 1206 3527 πατέρες
1229 3462 1319 3510 σουι.
1364 3436 1423 3509 εἰτ’
1447 3436 1654 3527 ἀγανακτῶν

289 3563 323 3616 30
341 3536 396 3613 ότι
424 3549 595 3612 Παυλῖνον
616 3535 784 3627 μακάριον
805 3534 1026 3621 ἀπεκάλεσεν,
1055 3532 1141 3624 όμοῦ
1163 3566 1201 3608 τε
1222 3545 1336 3620 κακῶς
1359 3537 1522 3624 Εύσεβίου
1546 3536 1655 3611 πάλιν

339 3639 571 3731 μνημονεύων,
595 3632 689 3709 ούτω
711 3634 832 3725 γράφει

403 3745 472 3825 (Nr.
487 3744 539 3827 77)
555 3742 779 3825 συνηγορῆσαι
792 3734 855 3825 γάρ
876 3743 1057 3822 βουληθεὶς
1079 3742 1130 3826 τῶ
1154 3734 1218 3824 τήν
1239 3736 1424 3826 έπιστολῆν
1437 3743 1554 3821 κακῶς
1575 3735 1655 3827 γρά·

403 3861 509 3925 ψαντι
538 3832 702 3924 Εύσεβίῳ,
734 3839 991 3924 πρῶτονμὲν
1015 3832 1060 3907 ού
1088 3840 1382 3919 διδασκαλικῶς
1405 3832 1655 3924 ἀναπτύξας,

402 3939 478 4027 ἔφη,
501 3934 547 4007 τό
571 3931 695 4023 δόγμα
717 3933 790 4024 τήν
811 3932 1032 4023 ἐπιστολήν
1053 3940 1282 4020 συνέταξεν,
1305 3931 1350 4005 ού
1372 3934 1442 4024 γὰρ
1457 3936 1560 4024 πρὸς
1582 3936 1657 4028 τήν

287 4058 322 4111 35
402 4042 618 4125 ἐκκλησίαν
633 4029 723 4103 οὐδὲ
744 4032 843 4120 πρὸς
866 4032 958 4114 τούς
979 4029 1422 4122 ἀγνοοῦνταςέγίγνετο
1438 4033 1483 4105 τό
1500 4033 1657 4126 γράμμα

426 4207 441 4261 l
461 4203 523 4260 Joh.
537 4206 604 4269 1,18
622 4234 655 4242 -
673 4201 816 4268 K01.1,15
833 4232 866 4240 -
887 4202 926 4257 10
944 4202 1006 4257 Joh.
1023 4202 1094 4268 1,18
1112 4231 1145 4240 -
1163 4201 1224 4257 Kol.
1242 4206 1313 4269 1,15
1334 4233 1368 4244 —
1394 4203 1461 4259 ut
1481 4204 1538 4275 vgl.
1556 4204 1604 4260 Nr.
1622 4208 1657 4263 29

338 4340 371 4346 -
390 4307 429 4362 25
447 4306 517 4375 Eph.
530 4306 554 4367 2.
573 4307 606 4360 15
623 4334 657 4344 -
675 4302 712 4358 27
733 4303 813 4357 De'ut.
826 4305 868 4365 32,
887 4306 902 4357 ’λ
920 4333 953 4342 -
972 4302 1011 4357 22
1030 4302 1110 4358 Prov.
1128 4304 1169 4363 22,
1187 4304 1221 4358 28
1238 4335 1271 4343 -
1290 4305 1329 4360 80
1348 4305 1404 4375 vgl.
1422 4305 1468 4359 Nr.
1487 4309 1522 4364 30
1540 4324 1564 4361 σε
1584 4312 1617 4361 Α.

425 4442 440 4496 l
461 4437 549 4495 αὐτοῦ
567 4439 617 4503 V',
636 4455 704 4493 corr.
722 4437 760 4490 V²
783 4438 787 4504 Ι
810 4439 829 4492 θ
852 4426 1071 4507 ήπρωτύτοκος
1089 4437 1127 4489 V²
1143 4439 1206 4492 αλλ
1226 4436 1244 4506 ἢ
1262 4439 1301 4493 V*
1326 4439 1332 4504 1
1358 4440 1378 4494 θ
1401 4437 1431 4495 αἱ
1458 4439 1512 4496 We
1538 4434 1656 4497 εἷναιλ7

340 4548 343 4611 1
371 4544 409 4599 12
438 4538 605 4605 ἀπεδείξατο
632 4558 661 4593 m
686 4542 689 4599 ἶ
720 4540 758 4596 16
785 4536 969 4607 ἀποπέφαται
994 4539 1029 4602 V,
1061 4556 1129 4593 corr.
1156 4541 1203 4593 Mo
1237 4541 1242 4607 1
1277 4541 1313 4595 12
1340 4545 1389 4607 τῆς
1406 4555 1439 4602 <
1463 4560 1477 4595 r
1507 4544 1512 4610 Ι
1551 4536 1657 4615 ἔχεται]

339 4641 395 4714 ἐχει
413 4662 439 4698 τι
457 4641 584 4695 Neander
607 4642 611 4707 1
636 4640 676 4694 22
695 4631 825 4708 δόγματα
843 4639 889 4692 Mo
905 4641 909 4705 1
926 4639 965 4694 84
983 4628 1100 4709 ἐφ’ἦλί
