3674 5506
587 482 621 537 de
638 481 824 538 ecelesiastica
840 482 984 554 theologia
1001 483 1040 537 III
1057 487 1081 539 4.
1100 486 1125 539 5.
1449 494 1507 555 159

198 643 254 715 διὰ
276 643 317 732 δὴ
341 642 555 715 τούτωνκαὶ
577 651 651 714 τῶν
673 643 808 729 τούτοις
835 640 966 735 ὁμοίων
992 640 1011 718 ό
1038 645 1245 732 σοφώτατος
1270 652 1429 735 πειρᾶται
1450 676 1507 718 κα·

199 741 415 831 τασκευύζειν
437 744 498 814 ἕνα
517 750 573 815 καὶ
596 743 659 815 τόν
681 741 787 817 αύτόν
808 746 894 817 εἶναι
916 743 1012 833 (τὸν)
1034 752 1165 834 πατέρα
1191 753 1246 816 καὶ
1268 746 1333 817 τὸν
1354 744 1429 817 υἱόν
1452 753 1506 817 καί

198 842 239 913 τό
273 849 277 931 Ι
311 835 409 931 άγιον
429 850 569 928 πνεῦνα,
600 852 706 933 τριοῦν
737 839 920 933 ὀνομάτων
949 844 1038 916 κατὰ
1062 851 1139 934 μιᾶς
1164 842 1384 927 ὑποστάσεως
1405 850 1508 935 κειμὲ-
1527 864 1584 920 169

198 971 279 1013 νων.
322 938 400 1014 οῦδὲ
422 942 485 1030 γάρ
507 948 543 1016 ἐν
565 943 703 1027 τούτοις
724 951 869 1034 συνῆκεν
891 939 988 1026 όπως
1008 952 1064 1014 καὶ
1087 940 1106 1017 ό
1129 944 1201 1027 υίὸς
1222 950 1260 1016 ἐκ
1289 951 1352 1016 τοῦ
1375 943 1541 1034 πατρόςσ

166 1041 441 1130 ὂέκπορεύεσθαι
463 1049 595 1132 λέγεται
617 1054 672 1115 καὶ
695 1042 736 1115 τό
759 1036 857 1132 άγιον
878 1049 1009 1133 πνεῦμα
1040 1039 1181 1133 ὁμοίως,
1211 1041 1290 1116 ούδέ
1318 1051 1435 1134 νοῆσαι
1458 1049 1507 1115 δε-

197 1141 339 1230 δύνηται
368 1149 443 1225 πῶς
472 1149 549 1231 περὶ
576 1151 639 1215 τοῦ
665 1139 762 1233 άγίου
780 1142 972 1232 πνεύματος
999 1144 1092 1215 εἶπεν
1114 1140 1133 1215 ό
1156 1143 1270 1233 σωτῆρ
1292 1142 1334 1215 τὸ
1367 1147 1422 1214 »ἐκ
1445 1150 1507 1216 τοῦ

196 1243 277 1329 ἐμοῦ
303 1237 450 1330 λήψεται
478 1251 535 1314 καί
567 1238 745 1331 ἀναγγελεῖ
776 1238 887 1331 ύμῖνι,
919 1241 996 1315 οῦδὲ
1018 1249 1094 1325 πῶς
1116 1261 1188 1325 τοῖς
1211 1240 1318 1315 αῦτοῦ
1338 1253 1507 1333 μαθηταῖς

196 1338 387 1431 ἐμφυσῆσας
408 1342 473 1431 ἔφη
498 1338 635 1429 »λάβετε
657 1348 789 1432 πνεῦμα
803 1336 929 1431 άγιονι.
965 1336 984 1413 ό
1008 1340 1048 1431 δῆ
1071 1361 1143 1426 τοῖς
1158 1339 1301 1426 εύσεβῶς
1316 1349 1507 1431 θεωροῦσιν

197 1443 316 1532 ῥᾳδίαν
348 1443 412 1528 ἕξει
443 1441 507 1531 τῆν
538 1440 649 1527 λύσιν,
680 1447 708 1512 εἰ
737 1438 910 1530 λογίσαιτό
942 1472 993 1524 τις
1024 1439 1072 1526 τός
1102 1437 1121 1513 ό
1147 1441 1220 1524 υἱὸς
1243 1438 1293 1513 άεὶ
1315 1442 1429 1514 συνδιν
1451 1451 1507 1513 καὶ

153 1558 181 1612 10
197 1542 385 1630 συμπαρών
396 1548 447 1631 τῷ
464 1549 566 1632 πατρί
584 1546 663 1613 εἴσω
673 1570 742 1614 που
757 1537 871 1628 ὥσπερ
885 1546 923 1612 ἐν
938 1538 1075 1623 άδύτοις
1089 1548 1144 1612 καὶ
1159 1537 1298 1625 ἀβάτοις
1313 1547 1375 1630 τῆς
1388 1570 1507 1631 πατρι-

197 1646 259 1730 κῆς
280 1648 448 1725 βασιλείας
463 1640 643 1730 ἐτύγχανεν
665 1637 729 1725 ὧν,
752 1643 826 1712 εἷτα
841 1647 876 1713 δὲ
891 1645 946 1712 ἐπὶ
961 1647 1112 1734 σωτηρίᾳ
1127 1645 1190 1712 τοῦ
1212 1648 1286 1712 τῶν
1308 1636 1508 1730 ἀνθρώπων

197 1747 316 1827 γε’νους
337 1739 425 1828 πρὸς
448 1747 511 1811 τοῦ
531 1739 662 1829 πατρὸς
683 1736 936 1830 ἐκπεμπόμενος
967 1745 1004 1810 ἐκ
1031 1747 1094 1812 τοῦ
1114 1737 1246 1828 πατρὸς
1266 1744 1506 1830 ἐξεληλυθέναι

197 1839 320 1912 ἑαυτὸν
344 1842 465 1928 ἔλεγεν.
509 1833 528 1911 ό
551 1839 591 1930 δὴ
613 1847 669 1910 καὶ
691 1842 837 1927 ἑτέρωθι
860 1838 914 1911 διά
936 1845 1132 1929 παραβολῆς
1152 1837 1277 1928 ἐδήλου
1291 1846 1367 1928 περὶ
1384 1841 1505 1911 ἑαυτοῦ

197 1945 309 2025 λέγων
341 1944 504 2028 »ἐξῆλθεν
530 1934 549 2010 ό
572 1947 722 2027 σπείρων
743 1946 806 2011 τοῦ
827 1958 992 2028 σπεῖραιι·
1022 1937 1135 2012 πόθεν
1165 1938 1228 2028 γὰρ
1258 1943 1403 2028 ἐξῆλθεν
1424 1935 1446 2028 ῆ
1467 1944 1538 2011 ἐκῖ

149 2055 179 2108 15
197 2044 271 2109 τῶν
291 2035 469 2109 ἐνδοτάτω
491 2046 670 2122 βασιλείων
692 2045 752 2129 τῆς
774 2045 940 2129 πατρικῆς
960 2034 1145 2129 θεότητος;
1166 2039 1254 2110 κατὰ
1269 2044 1304 2109 δὲ
1321 2038 1384 2111 τὸν
1399 2036 1506 2110 αύτὸν

197 2133 303 2225 λόγον
324 2146 381 2208 καὶ
403 2138 444 2209 τό
467 2130 564 2227 άγιον
586 2147 716 2228 πνεῦμα
737 2138 905 2227 παρεστὸς
930 2136 982 2211 άεὶ
1004 2145 1056 2228 τῷ
1079 2137 1198 2229 θρόνῳ
1220 2145 1284 2210 τοῦ
1304 2145 1402 2224 θεοῦ,
1434 2143 1505 2210 ἐπεὶ

194 2244 249 2307 καί
276 2242 408 2326 »μυρίαι
435 2235 611 2328 μυριάδες(
645 2237 892 2329 παρεστήκασιν
925 2234 1019 2328 αύτῷ
1050 2238 1139 2311 κατὰ
1169 2236 1233 2310 τὸν
1255 2236 1394 2329 Δανιῆλ,
1427 2236 1504 2311 άπε-

195 2341 355 2408 στέλλετο
382 2344 437 2408 καί
462 2334 561 2421 αῦτό,
591 2343 678 2409 ποτὲ
703 2343 764 2427 μὲν
791 2343 828 2410 ἐν
848 2342 926 2410 εἴδει
947 2344 1145 2426 περιστερᾶς
1165 2341 1220 2408 ἐπὶ
1242 2337 1307 2410 τόν
1337 2337 1412 2409 υλὸν
1442 2344 1505 2410 τοῦ

195 2431 394 2524 άνθροόπου,
416 2443 503 2508 ποτέ
525 2443 561 2508 δέ
583 2434 635 2523 ἐφ’
660 2438 803 2509 ἕκαστον
825 2444 898 2508 τῶν
912 2442 1104 2525 προφητῶν
1123 2443 1178 2507 καὶ
1194 2443 1267 2508 τῶν
1283 2434 1504 2509 ἀποστόλων·

147 2534 247 2606 2οδιό
269 2540 308 2606 ἐκ
330 2542 393 2607 τοῦ
414 2535 544 2623 πατρὸς
566 2534 809 2625 ἐκπορεύεσθαι
830 2545 885 2607 καὶ
907 2533 992 2608 αύτὸ
1015 2539 1152 2626 εἴρηται.
1187 2541 1243 2605 καὶ
1258 2543 1292 2605 τί
1308 2533 1537 2623 θαυμάζεις;8

194 2629 302 2707 ὁπότε
323 2642 379 2706 καί
401 2640 478 2723 περὶ
500 2641 563 2706 τοῦ
585 2632 746 2720 διαβόλου
769 2643 921 2708 λέλεκται
946 2643 1018 2706 »καὶ
1040 2640 1185 2724 ἐξῆλθεν
1207 2629 1399 2717 όδιάβολος
1413 2634 1505 2722 παρὰ

193 2741 256 2807 τοῦ
277 2742 413 2823 κυρὶουι
438 2741 493 2805 καὶ
515 2733 674 2821 δεύτερον
695 2731 800 2806 πάλιν
822 2739 952 2823 εἴρηται
976 2739 1138 2824 »ἐξῆλθεν
1160 2739 1196 2805 δὲ
1218 2728 1237 2804 ό
1259 2732 1418 2819 διάβολος
1437 2731 1505 2806 άπὸ

194 2840 256 2905 τοῦ
277 2843 425 2921 κυρίουι.
468 2827 578 2920 εύροις
599 2830 632 2903 δ>
656 2831 699 2905 άν
720 2842 776 2906 καὶ
797 2837 851 2905 ἐπὶ
866 2840 930 2904 τοῦ
942 2829 1071 2923 Ἀχαάβ,
1094 2829 1167 2905 ἐνθ’
1190 2837 1341 2922 ἐπιφέρει
1356 2830 1376 2923 ἦ
1392 2832 1505 2923 γραφὴ

192 2938 247 3007 83'
281 2941 356 3004 »καὶ
385 2937 530 3024 ἐξῆλθεν
565 2939 696 3022 πνεῦμα
727 2932 883 3022 πονηρόν
912 2941 968 3004 καὶ
997 2935 1078 3023 ἔστη
1109 2934 1261 3006 ἐνώπιον
1296 2941 1417 3029 κυρίου
1449 2941 1505 3005 καὶ

145 3046 175 3099 25
193 3032 300 3104 εἶπεν·
337 3034 404 3120 ἐγω
427 3029 592 3123 άπατῆοω
624 3029 758 3104 αύτόνι.
801 3029 888 3104 ἀλλὰ
917 3039 1027 3104 ταῦτα
1058 3040 1119 3122 μὲν
1149 3037 1287 3104 ἐναντία
1316 3032 1535 3123 πνεύματα,9

193 3125 290 3215 ὅπως
312 3138 348 3204 δέ
369 3138 426 3203 καὶ
449 3141 526 3204 τίνα
545 3128 678 3219 τρόπον
700 3135 838 3221 εἴρηται,
861 3127 902 3203 ού
924 3139 986 3203 νῦν
1006 3131 1123 3219 καιρός
1145 3142 1451 3221 πολυπραγμονεῖν.
1482 3128 1501 3204 ό

192 3236 228 3303 δὲ
258 3231 447 3321 μονογενὴς
476 3229 549 3315 υἱός
580 3238 643 3302 τοῦ
675 3236 759 3302 θεοῦ
789 3234 826 3301 ἐκ
856 3236 921 3302 τοῦ
950 3230 1080 3319 πατρὸς
1110 3236 1350 3318 ἐξεληλυθέναι
1380 3228 1504 3303 ἑαυτὸν

192 3326 341 3402 διδάσκει
372 3329 426 3402 διὰ
458 3330 499 3402 τὸ
530 3349 678 3402 συνεῖναι
708 3326 801 3420 αύτῷ
832 3327 999 3409 πάντοτε,
1030 3337 1086 3400 καὶ
1115 3329 1157 3401 τό
1189 3323 1287 3419 άγιον
1317 3338 1506 3421 δὲ’πνεῦμα

192 3425 320 3519 ὁμοίως
341 3430 460 3518 ἕτερον
480 3427 634 3520 ύπάρχον
655 3429 748 3516 παρὰ
770 3428 833 3500 τὸν
855 3426 937 3500 υἱόν.
981 3422 1000 3501 ό
1022 3428 1062 3518 δὴ
1086 3436 1205 3517 σαφοῦς
1226 3427 1330 3513 αὐτὸς
1353 3424 1502 3519 όσωτῆρ

142 3541 174 3595 30
190 3539 393 3619 παρίστησιν
416 3536 528 3618 λέγων
553 3534 608 3600 »ἐκ
630 3534 693 3599 τοῦ
714 3531 795 3617 ἐμοῦ
817 3526 962 3617 λήψεται
988 3537 1044 3600 καὶ
1066 3525 1243 3618 ἀναγγελεῖ
1261 3525 1368 3620 ύμῖνι.
1411 3530 1502 3600 ἄντι-

190 3657 272 3716 κρυς
294 3628 357 3718 γάρ
379 3627 636 3716 παραστατικὸν
667 3625 709 3697 άν
739 3631 789 3714 εἴη
822 3634 926 3699 τοῦτο
957 3634 1020 3698 τοῦ
1049 3626 1094 3717 μῆ
1121 3630 1206 3699 εἶναι
1232 3631 1269 3698 ἐν
1295 3637 1350 3699 καί
1373 3624 1502 3700 ταύτὸν

191 3727 255 3801 τὸν
277 3727 354 3800 υἱὸν
384 3736 440 3799 καὶ
472 3727 512 3799 τὸ
544 3721 642 3814 άγιον
671 3732 815 3815 πνεῦμα·
852 3726 892 3797 τὸ
924 3726 986 3817 γὰρ
1017 3723 1095 3814 παρ’
1127 3728 1243 3815 ἑτέρου
1272 3725 1446 3818 λαμβάνον
1467 3758 1502 3799 τι

192 3828 310 3917 ἓτερον
331 3826 424 3914 παρὰ
447 3826 511 3898 τόν
533 3823 670 3897 διδόντα
694 3843 829 3897 νοεῖται.
861 3834 867 3912 Ι
1521 3847 1581 3903 170

272 3932 293 3999 5
315 3934 371 3997 καὶ
395 3920 451 3996 ότι
473 3955 509 4014 γε
531 3922 648 4012 ἐτερόν
670 3930 763 3996 ἐστιν
785 3924 826 3996 τό
848 3931 978 4014 πνεῦμα
1000 3922 1042 3996 τό
1064 3916 1162 4013 άγιον
1189 3933 1251 3996 τοῦ
1271 3930 1346 3997 υίοῦ
1367 3923 1500 4015 διαρρή·
1544 3942 1622 4014 ὅπως
1648 3947 1664 4002 ο

140 4034 173 4093 35
189 4030 253 4113 δην
275 4032 330 4096 καὶ
354 4021 530 4113 διαφόρως
553 4021 771 4107 λευκοτάτοις
802 4021 945 4113 ῥήμασιν
975 4020 1078 4107 αύτός
1109 4020 1128 4095 ό
1159 4028 1274 4114 σωτῆρ
1305 4031 1359 4096 καὶ
1385 4023 1500 4113 κύριος
1517 4016 1686 4101 σωῖἐθιπὲθί

1518 4102 1585 4165 τονν
1603 4102 1686 4152 αγιου

274 4194 375 4250 woh.
394 4198 435 4261 16,
455 4198 487 4249 14
504 4224 537 4233 -
555 4194 574 4250 ε
592 4193 653 4251 Joh.
672 4196 713 4256 ω,
731 4195 765 4247 22
781 4223 815 4234 -
835 4194 873 4250 ιι
896 4194 983 4248 σοι.
1000 4198 1025 4257 ι,
1043 4198 1060 4250 3
1077 4195 1139 4249 Par.
1166 4224 1199 4234 -
1229 4196 1264 4250 ιι
1285 4194 1354 4248 nan.
1374 4195 1397 4261 ι,
1416 4195 1499 4250 ιο-
1516 4169 1678 4284 πὲἕβαξξῖῗ

190 4296 228 4352 18
255 4295 325 4350 Luk.
343 4297 368 4363 3,
386 4297 420 4350 22
446 4325 480 4335 -
506 4295 544 4350 21
563 4294 637 4350 Hiob
656 4297 680 4357 l,
699 4296 731 4348 12
757 4325 789 4335 —
820 4296 858 4350 22
886 4294 1036 4362 Hiob2,7
1061 4325 1095 4334 -
1123 4294 1279 4351 24114011.
1299 4297 1339 4359 22,
1358 4298 1389 4349 21
1409 4325 1442 4334 -
1460 4296 1501 4352 80

188 4395 366 4464 Joh.16,14

274 4543 363 4603 2τδν
381 4546 417 4600 Kl
449 4547 454 4613 ί
489 4543 634 4600 λοῦδὲπω
652 4551 713 4609 τοῖς
730 4544 779 4605 V‘,
798 4561 866 4600 corr.
886 4547 924 4598 V²
955 4546 959 4613 Ι
992 4545 1031 4602 22
1050 4539 1174 4601 ἐνθ’Μο
1192 4540 1243 4603 εἶτ’
1261 4547 1286 4601 V
1317 4549 1323 4615 Ι
1356 4549 1395 4603 22
1413 4542 1500 4618 ύπάρ·

186 4648 306 4717 γων1”*,
324 4663 392 4703 corr.
403 4646 442 4699 V²
456 4646 461 4714 Ι
476 4647 513 4703 81
534 4641 565 4701 ἐν
575 4647 614 4699 V²
630 4663 653 4700 α
663 4646 695 4701 R.
714 4641 746 4700 δῦ
757 4646 796 4698 V*
813 4641 981 4713 184hiera'
997 4646 1099 4701 affl
1115 4649 1119 4716 1
1135 4648 1207 4704 θῚΒ
1224 4644 1397 4705 ἐδίδασκενθ.
1405 4649 1501 4715 137,10
