3698 5510
350 746 514 839 ύπῆρχεν,
545 743 621 821 ἀλλ’
644 745 747 832 αύτὸς
773 743 793 819 ό
819 754 929 819 ταῦτα
957 749 1010 821 διᾶ
1032 756 1244 839 Σολομῶνος
1271 744 1450 819 διδάσκων.
1485 744 1568 841 ὁρᾷς
1599 742 1663 835 όση

350 855 613 937 περιπέπτωκεν
639 855 807 942 δυσχωρίᾳ
840 844 859 921 ό
891 855 952 938 τῆς
978 845 1113 933 εύθείας
1138 856 1194 920 καί
1223 855 1395 938 βασιλικῆς
1425 853 1663 938 παρατραπείς

351 944 441 1021 ὁδοῦ.
484 944 562 1020 όδέ
584 948 671 1037 πρὸς
693 967 767 1031 ταῖς
790 952 976 1039 εἰρημέναις
1002 953 1052 1021 ἐτι
1078 957 1135 1020 καί
1162 955 1271 1020 ταῦτα
1296 957 1524 1038 προστίθησιν
1549 955 1664 1036 λέγων
1682 962 1717 1014 14

303 1058 332 1135 ,5
411 1054 480 1135 (Nr.
505 1055 555 1133 19)
590 1047 675 1136 »πρὸ
706 1056 770 1119 τοῦ
799 1048 861 1132 τὰς
891 1046 1056 1135 ἀβύσσους
1086 1054 1242 1138 ποιῆσαι(
1276 1055 1395 1137 φησίν·
1425 1052 1577 1119 ἐνταῦθα
1600 1046 1663 1130 τὰς

413 1144 577 1234 ἀβύσσους
598 1154 839 1238 παροιμιωδῶς
862 1143 881 1220 ό
903 1146 1085 1238 προφήτης
1108 1148 1169 1231 τὰς
1191 1154 1265 1218 τῶν
1285 1143 1394 1236 ἀγίων
1414 1153 1554 1234 καρδίας
1574 1148 1662 1217 εἶναι

413 1255 501 1337 λέγει
542 1247 604 1330 τὰς
643 1253 680 1319 ἐν
715 1255 766 1337 τῶ
804 1250 937 1320 ἑαυτῶν
966 1247 1067 1333 βᾶθει
1102 1246 1167 1337 τῆν
1196 1253 1260 1319 τοῦ
1295 1245 1487 1336 πνεύματος
1522 1244 1663 1336 ἐχούσας

412 1344 554 1436 δωρεάν.

348 1455 405 1518 καὶ
428 1443 468 1519 ού
489 1455 642 1536 συνίησιν
664 1444 713 1531 ῶς
734 1446 801 1534 πρὸ
824 1452 886 1537 τῆς
907 1443 1072 1535 ἐνσάρκου
1093 1453 1156 1519 τοῦ
1178 1451 1333 1537 σωτῆρος
1355 1441 1454 1536 ήμῶν
1474 1453 1662 1536 παρουσίας

298 1561 332 1616 10
350 1550 383 1618 οί
405 1541 494 1635 ἄγιοι
516 1553 581 1619 τοῦ
602 1553 687 1618 θεοῦ
708 1552 887 1636 προφῆται
908 1553 972 1619 τοῦ
994 1543 1101 1619 αύτοῦ
1121 1553 1284 1635 μετέσχον
1305 1545 1508 1635 πνεύματος,
1531 1551 1661 1634 Μωσῆς

349 1677 387 1718 τε
409 1653 465 1717 καί
487 1649 558 1719 ol*
542 1675 592 1717 ετι
609 1652 762 1729 Μωσέως
782 1643 1012 1734 παλαιότεροι.
1055 1642 1181 1718 ούκοῦν
1193 1642 1334 1770 ἀνάγκη
1354 1644 1493 1718 τούτων
1514 1640 1662 1716 ἀπασῶν

349 1756 425 1819 τῶν
446 1743 610 1832 ἀβύσσων,
635 1753 664 1818 εί
686 1746 727 1835 δῆ
750 1750 783 1817 αί
805 1755 880 1818 τῶν
902 1742 1010 1836 ἄγίων
1030 1751 1164 1834 καρδίαι
1186 1739 1273 1857 ἦσαν
1294 1738 1404 1829 αὗται,
1425 1743 1658 1832 παλαιότερον

349 1844 493 1917 είναι
456 1874 520 1916 τον
543 1853 688 1935 λέγοντα
713 1844 798 1933 »πρὸ
822 1852 885 1917 τοῦ
905 1846 967 1929 τὰς
987 1841 1150 1930 ἀβύσσους
1171 1822 1337 1936 ποιῆσαιι.
1377 1852 1453 1929 πῶς
1475 1837 1537 1918 οὖν
1558 1849 1710 1915 &vva-15

349 1943 413 2016 τὸν
435 1937 478 2036 ῆν
500 1950 554 2017 ἐπὶ
577 1944 643 2035 τήν
664 1943 771 2035 σάρκα
792 1951 855 2016 τοῦ
876 1951 1032 2035 σωτῆρος
1054 1942 1282 2034 ἀναφέρεσθαι
1309 1950 1432 2068 ταῦμα;
1457 1952 1513 2015 καί
1539 1944 1606 2068 μῆν
1630 1949 1660 2015 εί

298 2063 331 2117 15
349 2075 402 2127 τις
432 2041 527 2135 αύτῷ
556 2051 669 2135 παρῆν
698 2052 772 2117 τῶν
802 2053 911 2116 θείων
945 2051 1088 2133 γραφῶν
1117 2042 1297 2134 ἐπιστήμη,
1335 2040 1397 2116 ούκ
1432 2041 1476 2116 ἄν
1514 2041 1659 2133 εύχερῶς

350 2138 463 2228 οὕτως
493 2141 701 2232 ἀπεφαίνετο
723 2145 785 2227 τὰς
808 2151 882 2215 τῶν
904 2141 1013 2234 ἀγίων
1033 2151 1171 2233 καρδίας
1193 2144 1278 2215 είναι
1300 2142 1362 2226 τὰς
1384 2140 1556 2230 ἀβύσσους,
1587 2150 1659 2216 ἐπι-

348 2241 473 2334 στήσας
500 2241 548 2326 ῶς
577 2241 734 2326 »σκότοςι
768 2237 811 2367 ῆν
843 2241 978 2315 »ἐπάνω
1009 2249 1070 2333 τῆς
1100 2240 1261 2330 ἀβύσσου(
1295 2243 1384 2315 κατὰ
1415 2243 1480 2333 τῆν
1505 2251 1659 2326 Μωσέως

348 2351 537 2431 μαρτυρίαν
557 2341 683 2427 καλῶς
704 2343 812 2428 πολύς
831 2351 887 2415 καί
909 2339 1214 2434 δυσερμήνευτοςί
1195 2373 1213 2415 ο
1236 2351 1314 2433 περὶ
1336 2339 1454 2414 αύτῶν
1468 2347 1507 2415 ἐν
1521 2373 1562 2432 τη
1548 2350 1658 2414 ’θεία

349 2470 462 2563 γραφη
485 2449 624 2531 φέρεται
647 2440 757 2531 λόγος.
799 2472 818 2515 ο
808 2438 989 2532 μὲνγὰρ
1012 2439 1205 2526 ἀπόστολος
1234 2443 1295 2533 »μῆ
1318 2448 1431 2547 είπηςι
1458 2452 1561 2533 φησίν
1585 2451 1658 2525 »τίς

296 2563 332 2618 20
349 2537 553 2632 ἀναβήσεται
575 2548 621 2626 είς
644 2542 708 2614 τὸν
734 2539 896 2630 ούρανόν;
926 2549 1107 2614 τουτέστιν
1129 2542 1281 2629 Χριστὸν
1310 2561 1523 2632 καταγαγεῖν
1559 2538 1581 2631 ἢ
1604 2552 1657 2626 τίς
1676 2554 1710 2609 16

349 2638 644 2730 καταβήσεταιείς
628 2642 732 2732 ςτῆν
753 2642 914 2728 ἄβυσσον;
944 2648 1123 2713 τουτέστιν
1146 2640 1297 2728 Χριστὸν
1318 2648 1355 2713 ἐκ
1379 2650 1512 2730 νεκρῶν
1533 2638 1658 2731 ἀναγα-

348 2760 447 2827 γεῖνι.
484 2744 593 2814 ἔοικεν
607 2748 689 2830 γοῦν
704 2746 743 2813 ἐν
761 2741 901 2824 τούτοις
922 2742 966 2813 τὰ
987 2770 1051 2813 του
1035 2734 1156 2833 ᾅδου
1170 2748 1277 2830 χωρία
1290 2746 1488 2829 κεκληκέναι
1503 2740 1658 2825 ἄβυσσον.

348 2847 405 2910 καί
426 2835 528 2922 αὐτὸς
551 2847 587 2910 δέ
608 2836 628 2911 ό
649 2840 765 2929 κύριος
786 2847 996 2930 σαφέστερον
1025 2847 1131 2913 τοῦτο
1157 2849 1319 2930 παρίστη,
1350 2845 1387 2912 ἐν
1409 2848 1461 2931 τῶ
1484 2840 1572 2930 πρὸς
1594 2841 1658 2913 τόν

347 2935 421 3021 Ἰῶβ
439 2945 657 3029 χρηματισμῷ
681 2946 791 3029 λέγων
815 2933 939 3030 »ῆίθες
961 2946 998 3011 δέ
1019 2944 1073 3010 ἐπὶ
1096 2940 1208 3030 πηγὴν
1223 2937 1405 3030 θαλάσσης,
1427 2945 1465 3011 ἐν
1481 2944 1516 3011 δὲ
1532 2946 1657 3029 ἴχνεσιν

295 3057 330 3112 25
348 3035 494 3122 ἀβύσσου
514 3037 780 3128 περιεπότησας;
805 3037 1003 3130 ἀνοίγονται
1025 3045 1063 3110 δέ
1083 3063 1137 3111 σοι
1160 3036 1257 3129 φόβῳ
1279 3038 1383 3112 πύλαι
1404 3036 1572 3123 θυνάτου,
1595 3070 1657 3111 πυ

348 3146 455 3227 λωροὶ
478 3143 514 3209 δὲ
536 3131 621 3228 ἄδου
642 3136 773 3223 ἰδόντες
795 3166 831 3211 σε
852 3142 1037 3228 έπτηξαν«;
1057 3146 1113 3211 καὶ
1136 3138 1197 3222 τὰς
1219 3145 1256 3210 έν
1277 3147 1320 3228 τῆ
1343 3134 1476 3230 ἀβύσσφ
1500 3145 1536 3210 δὲ
1557 3137 1657 3211 δυνά-
1676 3151 1708 3204 17

346 3267 418 3326 μεις
438 3236 602 3330 πονηρός,
625 3246 702 3327 περὶ
719 3232 770 3311 ῶν
792 3243 920 3329 εἴρηται
942 3244 1085 3311 »αίνεῖτε
1106 3234 1214 3311 αύτὸν
1236 3243 1274 3310 ἐκ
1295 3244 1358 3328 τῆς
1380 3244 1448 3328 γῆς,
1471 3236 1658 3327 δράκοντες

346 3346 402 3409 καὶ
424 3345 529 3410 πᾶσαι
550 3341 584 3409 αί
606 3337 778 3424 ἄβυσσοιι,
810 3343 866 3410 καί
889 3342 938 3409 ἔτι
960 3338 1002 3410 τὸ
1025 3335 1140 3409 ἐπάνω
1175 3344 1237 3428 τῆς
1258 3335 1404 3424 ἀβύσσου
1423 3337 1555 3423 σκότος,
1578 3349 1657 3427 περὶ

348 3429 389 3508 ού
420 3445 547 3528 Μωσῆς
582 3442 647 3527 ἔφη
686 3445 759 3510 »καί
788 3434 911 3520 σκότος
942 3434 1058 3510 ἐπόνω
1094 3444 1156 3527 τῆς
1186 3432 1365 3523 ἀβύσσουι,
1402 3445 1511 3510 ταῦτα
1541 3437 1657 3512 πάντα

293 3552 330 3606 30
346 3536 484 3624 μαθών,
516 3542 609 3626 εἴπερ
631 3530 674 3627 ῆν
696 3534 869 3619 ἐπιπόνως
891 3533 979 3609 ἀλλὰ
1000 3536 1045 3626 μή
1068 3536 1232 3628 ἐξιτήλως
1253 3557 1327 3622 ταῖς
1347 3545 1457 3620 θείαις
1478 3543 1657 3628 ἐντετυχη-

346 3636 417 3717 κῶς
443 3654 599 3725 γραφαῖς,
633 3647 637 3719 Ι
667 3643 723 3710 791
752 3634 814 3709 ούκ
844 3636 887 3709 ἄν
917 3638 978 3719 τὰς
1004 3645 1077 3709 τῶν
1104 3633 1211 3726 ἀγίων
1236 3643 1376 3725 καρδίας
1400 3635 1528 3726 ἐτόλμα
1549 3642 1658 3710 εἰπεῖν
1677 3644 1735 3700 159

347 3734 408 3817 τὰς
430 3732 606 3823 ἀβύσσους,
638 3741 725 3826 ἔγνω
753 3733 786 3808 δ’
817 3735 861 3808 ἄν
892 3730 988 3819 ὅπως
1017 3741 1147 3827 εἴρηται
1176 3734 1294 3807 καὶτὸ
1328 3737 1487 3822 »ἄβυσσος
1509 3737 1657 3824 ἄβυσσον
1675 3744 1708 3800 18

347 3838 553 3906 ἐπικαλεῖται
575 3839 620 3918 είς
652 3836 773 3927 φωνήν
803 3843 878 3907 τῶν
907 3843 1156 3925 καταρρακτῶν
1186 3858 1265 3906 σου(
1299 3845 1356 3907 καί
1385 3830 1485 3919 αὖθις
1519 3835 1656 3926 »ἐταρά-

343 3943 480 4022 χθησαν
495 3934 642 4019 ἄβυσσοι,
664 3943 799 4026 πλῆθος
813 3931 918 4025 ήχους
931 3932 1071 4016 ὕδατος(
1090 3940 1145 4004 καί
1160 3931 1265 4009 πάλιν
1281 3935 1443 4021 »ἄβυσσος
1457 3934 1506 4020 ῶς
1521 3934 1657 4027 ίμάτιον

431 4157 549 4213 5Prov.
566 4158 589 4222 8,
609 4159 642 4211 24
659 4187 693 4197 -
712 4157 750 4212 19
769 4156 824 4227 ng
843 4155 889 4209 Nr.
910 4157 942 4211 19
959 4184 993 4195 -
1011 4156 1050 4211 19
1068 4155 1148 4211 Prov.
1166 4157 1191 4219 8,
1208 4157 1242 4211 24
1259 4186 1292 4196 -
1317 4156 1352 4211 19
1374 4155 1430 4227 vgl.
1448 4156 1494 4211 Nr.
1513 4160 1547 4214 19
1564 4188 1598 4198 -
1617 4158 1653 4213 17

345 4257 414 4311 Gen.
434 4258 492 4324 1,2
517 4287 551 4297 -
578 4259 616 4313 19
644 4257 720 4312 Rom.
737 4260 778 4323 10,
796 4260 854 4313 6.7
880 4287 913 4297 -
941 4257 980 4312 94
1006 4257 1079 4313 Hiob
1096 4258 1137 4325 38,
1155 4259 1196 4315 16.
1214 4260 1247 4312 17
1274 4289 1308 4298 -
1335 4258 1371 4315 97
1391 4258 1435 4314 Ρε.
1454 4259 1511 4325 148,
1531 4260 1598 4313 7-
1617 4261 1656 4315 99

344 4358 414 4412 Gen.
434 4363 457 4421 1.
476 4359 492 4412 2
510 4388 542 4396 -
561 4359 599 4414 99
619 4358 662 4412 Ρε.
680 4361 722 4421 41,
741 4360 758 4414 9
775 4389 809 4399 -
827 4359 866 4414 99
883 4357 927 4411 Ps.
946 4361 986 4425 76,
1005 4361 1037 4413 17
1057 4389 1088 4398 -
1106 4359 1146 4414 94
1163 4359 1207 4414 Ps.
1226 4360 1319 4423 103.6

434 4558 469 4613 17
490 4554 525 4627 ῆν
542 4558 580 4611 V²
605 4551 679 4621 είναγ
698 4559 738 4611 V*
770 4561 774 4627 Ι
807 4559 844 4614 97
875 4555 971 4628 αὐτὸν]
998 4557 1048 4614 τὸν
1073 4558 1172 4633 κύριον
1189 4560 1262 4614 LXX
1295 4563 1299 4629 Ι
1332 4561 1369 4616 91
1397 4569 1507 4629 ταῖς..
1526 4565 1657 4635 καρδίαις

348 4656 395 4722 V*,
413 4674 480 4712 corr.
501 4658 538 4710 V²
