3698 5510
622 499 656 554 de
673 498 859 556 ecclesiastiea
875 500 1018 572 theologia
1033 501 1059 555 Π
1078 502 1118 557 19.
1472 509 1530 571 125

277 664 370 754 πλὴν
398 668 513 751 ἐμοῦι·
550 659 682 748 ἀκούεις
712 657 809 747 ὅπως
840 664 894 738 διὰ
922 669 984 754 τῆς
1006 660 1222 754 δντωνυμίας
1255 663 1313 736 ἕνα
1335 664 1422 734 εἶναι
1443 661 1530 735 θεὸν

276 761 387 851 μόνον
408 760 645 851 ἀποφαίνεται.
687 769 743 834 καί
774 757 874 847 αὖθις
901 764 1022 855 μικρὸν
1046 757 1190 852 ῦστερον
1220 763 1304 852 »ἐγώ
1327 767 1393 851 είμι
1412 761 1529 853 κῦριος
1547 778 1579 831 11

276 858 401 946 δθεδς
422 885 501 935 σου(
526 871 639 952 φησίν,
671 862 797 936 ἐαυτὸν
826 863 945 954 κύριον
975 872 1031 935 καὶ
1057 862 1144 935 θεὸν
1170 864 1256 935 εἶναι
1276 869 1394 952 λέγων.
1437 868 1472 932 τί
1493 867 1528 934 δέ

277 971 334 1035 καί
359 957 402 1034 δι’
424 962 542 1051 ἐτέρας
563 968 696 1052 γραφῆς
726 962 965 1053 μανθάνομεν;
998 969 1072 1034 »καὶ
1098 963 1213 1052 γνοδση
1240 960 1402 1053 σήμερον(
1428 967 1532 1052 φησίν

281 1069 354 1134 »καὶ
376 1058 418 1134 οῦ
440 1061 674 1154 διαστραφήση
696 1070 738 1152 τῇ
761 1067 909 1156 διανοίᾳ,
941 1058 996 1135 δτι
1025 1062 1141 1151 κύριος
1168 1058 1186 1135 δ
1209 1060 1292 1146 θεός
1322 1086 1397 1145 σου,
1428 1054 1530 1145 οὗτος

277 1160 360 1245 θεὸς
381 1165 420 1233 ἐν
442 1169 493 1252 τῷ
515 1159 652 1252 οδρανῷ
674 1161 783 1252 (ἄνω)
809 1169 865 1234 καὶ
892 1168 947 1235 ἐπὶ
975 1169 1036 1252 τής
1057 1168 1118 1252 γῆς
1139 1159 1250 1246 κάτω,
1280 1168 1336 1233 καί
1367 1157 1430 1232 οῦκ
1459 1165 1529 1233 ἔστι

276 1260 370 1352 πλήν
403 1260 540 1333 αῦτοῦι.
594 1268 651 1332 καί
682 1255 781 1345 αῦδις
816 1267 854 1335 ἐν
890 1270 942 1353 τῷ
979 1259 1074 1352 αὐτῷ
1106 1268 1359 1351 Δευτερσνομίῳ
1398 1260 1528 1345 »ἄκουε

276 1359 435 1454 Ἰσραήλ(
474 1370 578 1449 φησίν
603 1360 736 1450 »κύριος
758 1357 778 1433 δ
800 1360 882 1445 θεὸς
905 1359 1004 1451 ήμῶν
1024 1360 1140 1448 κῦριος
1161 1361 1209 1444 είς
1231 1365 1335 1433 ἐστιν·
1371 1368 1427 1431 καί
1448 1355 1527 1449 δγα-

276 1461 395 1553 πήσεις
423 1460 543 1552 κῦριον
573 1460 637 1534 τὸν
666 1458 752 1532 θεόν
782 1484 844 1534 σου
873 1466 908 1547 ἐξ
939 1453 1021 1550 ῦλης
1051 1466 1189 1548 καρδίας
1219 1484 1280 1532 σου
1305 1467 1361 1531 καὶ
1386 1463 1422 1547 ἐξ
1445 1453 1528 1550 δλης

279 1568 387 1651 φυχῆς
408 1584 470 1634 σου
490 1568 545 1631 καί
568 1564 604 1648 ἐξ
631 1553 713 1650 ῦλης
739 1567 920 1644 διανοίαςι.
963 1570 1019 1633 καί
1040 1557 1146 1631 πάλιν
1168 1563 1206 1630 ἐν
1227 1566 1277 1649 τῷ
1301 1555 1396 1651 αὐτῷ
1422 1563 1527 1631 »ἴδετε
1544 1574 1578 1628 12

278 1667 366 1733 ἴδετε
390 1653 444 1733 ὅτι
465 1662 532 1750 ἐγώ
554 1665 630 1751 είμι,
653 1667 707 1730 καί
729 1656 792 1732 οῦκ
813 1663 907 1733 ἔστιν
927 1661 1010 1742 θεὸς
1030 1659 1123 1750 πλήν
1137 1664 1231 1749 ἐμοῦ·
1253 1659 1321 1748 ἐγὼ
1344 1655 1526 1732 ἀποκτενῶ

277 1770 334 1834 καί
360 1767 422 1851 ςήν
447 1757 593 1850 ποιήσω·
629 1757 774 1846 κατάξω
800 1768 856 1833 καί
878 1757 1042 1850 ἐδσομαιι.
1084 1766 1160 1843 πῶς
1182 1751 1245 1829 οῦν
1265 1755 1432 1848 Ἀστέριος
1454 1777 1528 1843 ταῖς

275 1858 383 1950 ἁγίαις
409 1880 555 1950 γραφαῖς
581 1854 702 1942 ἅπλῶς
726 1867 783 1931 καί
813 1859 969 1951 ἐμφόβως
999 1857 1205 1933 ἀκολουθεῖν
1235 1858 1528 1948 προσποιούμενος

275 1959 338 2032 οῦκ
359 1965 448 2050 ἔγνον
471 1959 513 2032 τὸ
534 1965 635 2050 μέρος
657 1966 762 2032 τοῦτο
785 1968 888 2048 λέγον
916 1960 1049 2051 »κύριος
1076 1956 1095 2031 δ
1118 1958 1201 2043 θεός
1223 1982 1297 2044 σου,
1321 1950 1424 2040 οὗτος
1444 1956 1527 2042 θεὸς

159 2084 195 2137 15
277 2066 315 2132 ἐν
336 2068 387 2152 τῷ
411 2057 548 2150 οῦρανῷ
571 2058 678 2147 <ἄνω>
704 2065 760 2130 καί
782 2065 837 2131 ἐπί
860 2067 921 2150 τῆς
943 2066 1003 2150 γῆς
1032 2057 1144 2145 καίτοι,
1175 2067 1231 2131 καί
1263 2056 1325 2130 οῦκ
1354 2060 1446 2129 ἔστιν
1475 2060 1527 2129 ἔτι

277 2157 369 2250 πλήν
400 2157 542 2243 αῦτοῦι,
571 2166 626 2229 καί
658 2152 714 2231 ὅτι
743 2160 808 2243 »είς
834 2164 945 2231 ἐστινι
977 2167 1033 2231 καί
1060 2160 1153 2249 πλήν
1179 2156 1286 2232 αῦτοῦ
1308 2159 1421 2246 ἕτερος
1446 2153 1526 2229 »οῦκ

277 2264 405 2345 ἔστενες

210 2367 269 2431 καὶ
290 2356 366 2450 μεθ’
390 2361 488 2448 ἕτερα
509 2357 647 2442 τούτοις
668 2352 769 2440 αὖθις
790 2367 1018 2449 προστίθησιν
1040 2365 1150 2446 λέγων
1543 2371 1576 2426 13

275 2463 342 2546 (Nr.
365 2465 419 2547 68)
450 2465 527 2540 ποῦς
557 2450 619 2531 οῦν
646 2454 665 2530 ὁ
690 2457 781 2548 ἱερὸς
802 2457 982 2548 προφήτης
1002 2454 1153 2547 Ἱερεμίας
1175 2453 1216 2528 οῦ
1239 2461 1397 2543 φανερῶς
1418 2451 1526 2527 αὐτὸν

160 2584 196 2637 20
277 2561 645 2648 ἑτεροδιδασκαλοῦυτα
666 2562 806 2647 ἐλέγξεη
832 2558 876 2629 τὰ
900 2556 965 2647 γὰρ
986 2556 1075 2629 κατὰ
1096 2554 1161 2627 τὸν
1182 2562 1322 2644 σωτῆρα
1344 2551 1422 2644 ήμιν
1443 2582 1525 2641 προ·

277 2657 440 2749 φητεῦων
470 2651 582 2741 οῦτως
613 2661 677 2748 ἔφη
716 2650 836 2741 »οὗτος
866 2653 885 2729 ὁ
917 2655 998 2739 θεὸς
1033 2653 1176 2746 (ήμῶν),
1214 2651 1255 2726 οῦ
1285 2650 1526 2742 λογισθήσεται

278 2762 392 2849 ἕτερος
413 2757 500 2847 πρὸς
522 2754 637 2831 αῦτδν.
679 2763 813 2846 ἐξεῦρεν
832 2763 946 2828 πᾶσαν
971 2751 1055 2828 ὁδὸν
1085 2751 1284 2843 ἐπιστήμης,
1314 2759 1370 2823 καί
1401 2756 1527 2824 ἔδωκεν

273 2856 395 2943 Ἰακὼβ
422 2864 473 2949 τῷ
504 2865 600 2931 παιδί
630 2853 737 2930 αῦτοῦ
765 2862 820 2926 καὶ
844 2853 972 2945 Ἰσραήλ
1004 2862 1055 2946 τῷ
1088 2851 1294 2946 ἠγαπημένῳ
1324 2848 1380 2924 ὑπ’
1412 2848 1527 2924 αῦτοῦ.

276 2957 360 3045 μετὰ
391 2965 501 3031 ταῦτα
530 2963 586 3030 ἐπὶ
617 2965 679 3047 τής
708 2962 769 3046 γης
799 2954 918 3045 ὤφθη,
954 2962 1010 3027 καί
1045 2972 1117 3036 τοῖς
1152 2950 1354 3042 ἀνθρώποις
1388 2976 1524 3024 συνανε-

159 3080 195 3134 25
275 3055 439 3149 στρδφηι.

211 3166 268 3229 καί
288 3155 393 3229 πάλιν
414 3164 642 3248 προστίθησιν
664 3161 776 3243 λέγων
1542 3164 1576 3219 14

276 3260 345 3343 (Nr.
367 3264 420 3343 50)
442 3252 516 3329 ἄλλ’
539 3260 648 3329 ἔοικεν
670 3260 707 3327 ἐν
730 3263 780 3345 τῷ
804 3253 896 3345 λόγῳ
918 3249 937 3327 δ
959 3252 1074 3345 πατήρ
1097 3255 1195 3336 εἶναι,
1216 3249 1283 3321 κᾶν
1303 3246 1458 3341 Ἀστερίην
1479 3249 1524 3342 μὴ

276 3363 359 3445 δοκῇ
387 3363 444 3428 καί
475 3374 548 3440 τοῖς
577 3356 622 3428 τὰ
648 3352 734 3428 αδτά
761 3359 879 3445 ἐκείνῳ
907 3360 1103 3442 φρονοῦσιν.
1145 3360 1240 3425 δοκεῖ
1259 3349 1321 3440 γὰρ
1345 3357 1451 3423 τοῦτο
1474 3356 1524 3440 τῷ

276 3464 444 3547 θεσπεσίῳ
466 3454 631 3547 προφήτῃ
651 3451 778 3548 Ἡσαΐᾳ,
806 3463 857 3546 τῷ
881 3449 923 3525 δι’
946 3448 1044 3541 ῦγίον
1068 3458 1204 3541 λέγοντι
1230 3448 1424 3540 πνεύματος
1453 3456 1526 3520 »καί

275 3552 567 3646 προσκυνήσουσιν
589 3582 651 3639 σοι,
684 3561 690 3644 Ι
722 3563 777 3626 καί
799 3559 835 3626 ἐν
856 3559 909 3626 σοί
923 3552 1182 3643 προσεύξονται·
1210 3543 1264 3621 ὅτι
1277 3555 1316 3621 ἐν
1331 3557 1383 3620 σοὶ
1399 3545 1418 3621 δ
1433 3545 1524 3633 θεός,
1544 3563 1604 3622 138

275 3664 332 3726 καί
363 3652 426 3727 οῦκ
453 3659 546 3729 ἐστιν
572 3654 676 3739 ἄλλος
702 3652 796 3745 πλήν
817 3679 887 3726 σου.
929 3653 970 3724 σῦ
991 3652 1054 3742 γὰρ
1082 3653 1113 3723 εἱ
1132 3647 1151 3722 δ
1173 3648 1280 3733 θεός(
1326 3644 1407 3742 δρᾷς
1429 3641 1525 3732 ῦπως

274 3756 460 3844 πρόρριζον
503 3750 684 3844 ἀνατρέπει
720 3753 786 3844 τήν
821 3761 895 3826 τῶν
931 3748 1329 3842 ίτεροδιδασκαλοῦνιων
1366 3751 1525 3837 ἔντεχνον

272 3861 494 3945 κακουργίαν;

210 3962 268 4026 καί
289 3946 389 4038 αῦδις
410 3959 555 4045 ἐπιλέγει
1541 3969 1575 4025 1ο

297 4124 383 4181 2131.
403 4122 760 4192 20,5-41>eut.4‚39
782 4153 816 4164 -
844 4124 859 4178 λ
880 4121 959 4176 noun
978 4122 1045 4185 6,4.
1064 4125 1080 4178 5
1105 4154 1134 4165 -
1167 4122 1206 4178 10
1223 4119 1302 4175 Deuh
1321 4120 1363 4185 32,
1380 4119 1414 4175 39
1431 4147 1464 4158 -
1484 4119 1523 4174 14

211 4226 369 4293 Ιλεααλβθ
382 4227 470 4282 -10
486 4224 632 4292 νέοισι
649 4255 682 4265 -
708 4224 789 4281 Dent.
806 4227 831 4290 λ,
849 4226 891 4281 35.
918 4224 960 4287 32,
969 4224 1084 4292 3911-
1103 4223 1142 4279 21
1161 4220 1415 4287 Bamch3‚36-38
1431 4249 1465 4259 -
1483 4219 1524 4275 2⁹

209 4328 435 4392 mmmm

296 4475 368 4534 ῦοῦ
385 4477 609 4551 διαστραφήσηλ
627 4474 822 4548 έπιοτραφήση
841 4475 912 4530 Lxx
944 4478 948 4543 Ι
981 4469 1077 4531 δᾶνω
1095 4474 1139 4527 nb.
1158 4473 1184 4529 δ,
1203 4473 1229 4527 Ζ.
1240 4471 1278 4524 V²
1309 4474 1314 4540 Ι
1345 4466 1468 4541 Θῦμῶν
1486 4471 1524 4525 V²

212 4582 216 4647 ί
246 4580 284 4636 15
301 4574 363 4636 ἄνφ
381 4577 500 4634 1111181.
533 4581 538 4647 Ι
571 4580 609 4635 21
629 4577 847 4648 ημῶνωΒΧΧ
879 4579 884 4645 Ι
917 4575 956 4632 28
975 4586 1058 4632 τοῦτο
1076 4572 1257 4631 πιτοῦιωίί
1290 4576 1294 4641 Ι
1327 4574 1368 4630 31)
1392 4573 1472 4644 θεδς]
1490 4580 1523 4638 -Ι-

209 4677 269 4737 έσῐι
286 4679 401 4735 mLXX
432 4681 437 4748 Ι
465 4681 502 4736 81
521 4674 618 4749 ἄλλος]
637 4679 707 4745 θεὸς
724 4678 797 4733 LXX
