3698 5510
568 508 602 563 de
620 506 804 563 ecclesiastiea
820 507 961 574 theologia
978 508 1017 562 111
1035 510 1058 562 1.
1077 510 1101 564 2.
1429 515 1487 578 139

178 670 242 763 γάρ
266 694 371 761 φησιν
396 668 451 763 ><ἦ
474 677 593 761 σοφία)
615 667 857 762 κατεσκήνωσε
878 670 1021 761 βουλὴν(
1046 679 1103 741 καὶ
1125 667 1187 743 σῦκ
1208 676 1351 764 εἴρηται·
1386 681 1491 761 σοφία

179 779 244 845 τοῦ
273 778 369 844 θεοῦ.
414 766 489 843 ἀλλ’
521 768 636 859 ῶσπερ
667 771 760 858 παρὰ
790 778 842 862 τῷ
874 766 1090 860 εύαγγελιστῇ
1120 770 1162 843 τὸ
1197 777 1253 844 »ἐν
1283 769 1367 862 ἀρχῇ
1397 765 1440 863 ἧν
1472 768 1491 844 6

179 868 299 961 λόγος(
325 867 510 953 όπολύτοις
530 867 707 959 ἐγράφετο,
729 878 785 941 καί
805 866 911 942 πόλιν
934 865 972 941 »ό
995 868 1095 958 λόγος
1117 861 1160 961 ἦν
1181 869 1269 958 πρὸς
1290 870 1354 944 τόν
1375 871 1491 958 θεόνι,

177 977 234 1043 καί
257 966 320 1042 οῦκ
341 975 470 1060 είρητο·
497 966 516 1042 6
539 967 641 1059 λόγος
662 976 725 1042 τοῦ
747 976 845 1053 θεοῦ,
876 972 932 1041 ίνα
953 969 998 1059 μὴ
1021 978 1096 1042 τῶν
1124 968 1212 1058 πρός
1237 1001 1271 1042 τι
1297 980 1418 1062 νομίσῃ
1441 1003 1492 1055 τις

145 1067 287 1142 σαύτὸν
309 1077 476 1161 λέγεσθαι,
498 1067 575 1162 μηδ
597 1067 644 1153 ῶς
666 1065 896 1158 συμβεβηκότα
918 1074 955 1141 ίν
970 1077 1021 1160 τῷ
1036 1076 1121 1160 θεῷ,
1144 1066 1218 1143 ἀλλ’
1241 1069 1290 1155 ῶς
1307 1068 1491 1159 ὑφεστῶτα

177 1177 233 1243 καί
257 1179 373 1258 ζῶντα
392 1168 457 1259 (διὸ
473 1173 619 1259 ἐπιλέγει
643 1177 716 1241 »καὶ
738 1167 821 1251 θεὸς
842 1161 885 1257 ἦν
906 1164 925 1240 6
948 1165 1079 1258 λόγοςι,
1101 1166 1165 1242 οῦκ
1185 1169 1304 1243 είπῶν·
1326 1179 1382 1242 καί
1404 1179 1489 1244 θεοῦ

178 1263 222 1361 ἦν
243 1266 263 1342 6
286 1267 409 1360 λόγος),
441 1265 555 1354 οῦτως
575 1276 632 1341 καί
654 1274 710 1342 ἐπὶ
731 1275 793 1357 τῆς
822 1275 957 1356 σοφίας·
993 1272 1030 1342 ἓν
1060 1269 1123 1359 γὰρ
1153 1278 1209 1342 καὶ
1234 1267 1365 1343 ταύτδν
1395 1263 1438 1361 ἢν
1469 1267 1523 1343 62

176 1370 260 1453 θεὸς
282 1366 387 1459 λόγος
407 1377 462 1440 καί
485 1366 505 1459 ἡ
527 1377 640 1457 σοφία.
682 1368 735 1441 διὸ
762 1365 945 1452 ἇπολύτως
974 1374 1012 1440 ἐν
1041 1389 1116 1452 ταῖς
1137 1377 1335 1459 Παροιμίαις
1365 1366 1488 1461 όνομό-

177 1481 280 1558 ςεται,
304 1472 341 1541 ίν
363 1498 402 1541 τε
423 1487 497 1552 τοῖς
518 1480 737 1557 προτεθεῖσα
759 1470 884 1558 ῥητοῖς,
908 1498 949 1540 ου
971 1497 1038 1559 μην
1053 1481 1142 1541 αλλα
1157 1476 1212 1540 καί
1227 1465 1269 1540 δι’
1293 1461 1345 1542 ῶν
1358 1477 1487 1543 τοῦτον

129 1579 161 1633 10
177 1573 308 1659 εἴρηται
330 1568 395 1641 τὸν
415 1565 550 1657 τρόπον
582 1565 762 1659 »μακάριος
792 1564 879 1657 ἀνὴρ
910 1560 948 1650 ῦς
968 1559 1064 1657 εὗρεν
1086 1574 1228 1657 σοφίαν(
1262 1576 1317 1641 καὶ
1349 1565 1386 1641 »6
1408 1569 1491 1655 θεὸς

175 1676 220 1757 τῇ
242 1676 348 1761 σοφίᾳ
369 1673 573 1758 ἐθεμελίωσε
596 1668 660 1758 τὴν
682 1674 762 1759 γῆν(
791 1675 847 1738 καί
876 1669 994 1739 »είτον
1019 1667 1084 1759 τὴν
1106 1677 1232 1756 σοφίαν
1253 1669 1317 1760 σὴν
1338 1665 1491 1761 δδελφὴν

176 1771 281 1840 είναι(
305 1776 362 1839 καί
387 1769 445 1840 ισῦ
467 1768 532 1859 τὴν
554 1776 679 1855 σοφίαν
699 1763 857 1857 κήρυξον,
879 1768 936 1839 ίνα
958 1764 1121 1856 φρόνησίς
1136 1790 1189 1839 σοι
1205 1769 1487 1860 ίπακολουθήσηι

175 1876 233 1939 καί
257 1877 442 1958 »κρείσσων
462 1868 526 1957 γὰρ
548 1875 651 1955 σοφία
679 1875 793 1939 λιθῶν
818 1875 1038 1940 πολυτελῶν(
1074 1877 1080 1954 1
1112 1875 1169 1939 καί
1202 1864 1241 1957 »ἡ
1270 1877 1374 1956 σοφία
1405 1867 1491 1959 ιμ’κο·
1508 1880 1525 1932 3
1540 1878 1544 1944 Ι
1561 1877 1621 1933 150

177 1964 323 2058 δόμησεν
345 1968 448 2057 ἑαυτῇ
470 1970 580 2052 οίιιον,
611 1973 666 2039 καί
696 1964 877 2057 ῦπήρεισεν
908 1965 1053 2050 στύλους
1082 1966 1187 2040 ἑπτὰ(
1221 1975 1277 2038 καί
1310 1961 1372 2041 όσιι
1403 1968 1491 2042 ἄλλα

128 2078 160 2132 10
176 2067 316 2151 τούτοις
339 2063 470 2155 όδελφῦι
492 2072 529 2139 ίν
551 2075 594 2156 τῇ
620 2064 707 2156 αδτῇ
738 2073 876 2154 φέρεται
906 2076 1024 2158 βίβλῳ·
1061 2064 1102 2139 δι’
1135 2060 1186 2140 ῶν
1213 2065 1361 2158 οῦδαμοῦ
1387 2076 1491 2156 σοφία

175 2173 263 2240 θεοῦ
287 2163 493 2255 ῶνόμασται,
516 2164 603 2240 όλλῦι
625 2164 825 2257 ἀδιορίστως
847 2163 868 2256 ἡ
889 2176 1003 2256 σοφία,
1025 2172 1080 2239 ίνα
1102 2166 1146 2258 μὴ
1168 2165 1321 2258 σύμβαμοί
1343 2198 1377 2240 τι
1399 2177 1490 2258 νομί-

175 2291 289 2355 σονμεν
311 2262 420 2356 αὐτὴν
441 2269 526 2339 είναι
548 2274 625 2355 περὶ
646 2265 711 2339 τὸν
732 2265 830 2351 θεόν,
863 2263 912 2350 ῶς
942 2272 980 2338 ἐν
1004 2273 1055 2357 τῷ
1079 2265 1279 2359 ἐπιστήμονι
1305 2265 1404 2358 ἀνδρὶ
1426 2269 1491 2359 τὴν

175 2364 373 2457 ἐπιστήμην,
397 2362 471 2438 ἄλλ’
493 2362 695 2454 ύφεστῶσαν
716 2373 771 2438 καὶ
794 2372 908 2454 ζῶσαν
929 2372 1067 2454 σοφίαν,
1091 2366 1156 2457 τὴν
1177 2364 1285 2457 αὐτὴν
1307 2361 1413 2440 σῦσαν
1435 2375 1488 2458 τῷ

174 2471 239 2557 υίῶ
264 2472 328 2538 τοῦ
350 2472 442 2538 θεοῦ.
485 2472 514 2538 εί
535 2472 574 2537 δέ
594 2496 646 2550 τις
665 2469 735 2551 ίξιν
755 2469 793 2537 ἐν
814 2473 866 2556 τῷ
888 2473 962 2557 θεῷ
986 2467 1098 2556 σοφὴν
1111 2462 1190 2538 καθ’
1213 2461 1232 2537 6
1256 2474 1402 2557 νοοῦμεν
1423 2468 1522 2539 τόν4

124 2584 158 2639 20
175 2566 263 2638 θεὸν
285 2566 398 2652 σοφὸν
418 2562 585 2649 ῦπολόβοι
606 2568 693 2637 εἶναι
715 2563 781 2655 τὴν
802 2569 953 2635 ἐνταῦθα
974 2571 1159 2655 λεγομένην
1180 2573 1319 2653 σοφίαν,
1346 2571 1487 2639 ἐπακου-

175 2663 272 2738 σότοο
295 2663 457 2755 λεγούσης
487 2672 549 2756 τῆς
578 2671 709 2755 γραφῆς
742 2665 859 2736 ιείπον
881 2662 946 2754 τὴν
968 2672 1093 2751 σοφίαν
1114 2663 1177 2755 σὴν
1200 2660 1351 2755 ἇδελφίην
1372 2667 1488 2737 εἶναι(

174 2772 227 2847 τίς
249 2760 283 2835 δ’
306 2761 351 2835 όν
372 2760 466 2836 οῦτω
488 2774 619 2855 μανείη,
650 2768 697 2847 ῶς
723 2764 788 2835 τὸν
809 2768 865 2835 ίπλ
886 2761 1032 2836 πάντων
1052 2764 1139 2836 θεὸν
1163 2770 1219 2836 καί
1246 2762 1312 2853 τὴν
1333 2769 1371 2836 ίν
1392 2761 1487 2856 αύτῷ

173 2863 289 2953 σοφὴν
316 2864 386 2950 ίξιν
415 2861 600 2948 ῦπσλαβειν
630 2860 782 2951 ἀδελφὴν
812 2871 886 2935 τῶν
916 2867 954 2935 ἐν
984 2859 1186 2952 ἀνθρώποις
1214 2862 1487 2951 κατορθούντων

173 2969 346 3052 λίγεσθαι,·
376 2969 406 3035 εί
436 2971 472 3036 δὲ
504 2968 559 3036 ἐπὶ
589 2961 653 3035 τόν
676 2960 827 3052 Χριστὸν
854 2969 918 3035 τοῦ
947 2969 1031 3035 θεοῦ
1053 2961 1208 3049 ίκλύβοις
1237 2961 1279 3035 τό
1310 2970 1521 3054 είρημένονὸ

123 3082 157 3138 25
173 3062 375 3153 (εΧριστδς(
409 3063 474 3153 γὰρ
513 3069 615 3135 »θεοῦ
646 3060 785 3152 δύναμις
814 3070 871 3134 καί
900 3069 985 3136 θεοῦ
1016 3071 1166 3151 σοφία),
1197 3062 1298 3136 οῦδὲν
1327 3065 1488 3154 ἐμποδῶν

175 3166 270 3234 ἔσται
286 3170 329 3251 τῇ
345 3169 488 3254 διανοίᾳ,
511 3167 583 3234 ἐπεὶ
604 3171 661 3233 καί
684 3162 750 3252 τὴν
770 3161 857 3252 πρὸς
878 3159 964 3251 ἡμᾶς
985 3159 1048 3233 οῦκ
1071 3160 1245 3235 ἀναίνεται
1268 3161 1487 3253 ἀδελφότητα

174 3258 220 3333 δι’
243 3259 439 3353 ῦπερβολὴν
460 3270 733 3350 φιλανθρωπίας.
777 3266 805 3333 εί
826 3268 862 3333 δὲ
884 3266 920 3333 ἓν
941 3268 996 3332 καὶ
1023 3260 1152 3334 τοῦτόν
1178 3255 1221 3353 ἢν
1243 3258 1262 3335 ό
1285 3263 1368 3345 θεὸς
1388 3270 1444 3333 καὶ
1467 3258 1488 3351 ἦ

173 3366 212 3433 ἐν
233 3381 309 3445 ταῖς
330 3371 529 3452 Παροιμίαις
551 3366 748 3452 είσαγομίνη
771 3369 883 3448 σοφία,
912 3362 978 3448 ἕξις
999 3354 1082 3434 οῦσα
1104 3364 1194 3452 σοφὴ
1217 3368 1256 3434 ἐν
1277 3359 1371 3452 αύτῷ
1391 3390 1487 3434 νοου-

173 3467 257 3551 μένη
272 3456 387 3533 καθ’ίί
408 3459 516 3549 σοφός
530 3456 550 3533 6
565 3458 656 3545 θεός,
679 3468 713 3531 τί
734 3461 882 3533 ίκῶλυεν
904 3457 983 3533 ἀντὶ
1005 3467 1066 3551 τῆς
1088 3469 1210 3549 σοφίας
1224 3460 1289 3533 τόν
1303 3461 1388 3533 θεὸν
1410 3457 1488 3533 ἅνα-

123 3580 158 3635 w
174 3557 381 3648 γεγρόφθαι;
403 3558 492 3632 ὥστε
515 3560 556 3633 τὸ
581 3556 621 3648 »ἡ
636 3568 740 3646 σοφία
755 3557 975 3650 οἰκοδόμησεν
989 3562 1092 3649 ἑαυτῇ
1108 3562 1215 3646 οίκον,
1237 3568 1293 3633 καί
1307 3557 1488 3652 ῦπῆρεισεν

176 3658 321 3743 στύλους
343 3658 447 3733 ἑπτά(
473 3668 529 3731 καί
551 3659 595 3731 τὰ
617 3658 754 3742 τούτοις
775 3668 965 3750 συνημμένα
991 3665 1145 3749 εἰρῆσθαι
1168 3656 1244 3732 ἀντὶ
1267 3667 1341 3732 τοῦ·
1364 3655 1383 3731 ό
1405 3659 1488 3743 θεὸς

177 3756 397 3849 ᾠκοδόμησεν
420 3762 531 3850 ἑαυτῷ
555 3762 653 3832 οίιιον
678 3767 734 3831 καὶ
756 3760 799 3831 τὰ
821 3761 910 3847 ἑξῆς,
940 3766 996 3829 καὶ
1026 3758 1133 3830 πάλιν
1164 3757 1263 3846 [ἀντὶ]
1295 3758 1337 3831 τό
1371 3760 1521 3835 ιείπονσ

176 3859 241 3949 τὴν
263 3868 389 3947 σοφίαν
410 3859 474 3949 σὴν
495 3856 647 3949 όδελφὴν
670 3862 771 3931 εἶναι(
797 3864 955 3947 λελέχθαι
976 3855 1071 3943 <dm
1092 3864 1185 3948 τοῦ>·
1207 3859 1306 3930 είπον
1321 3858 1385 3931 τόν
1400 3857 1485 3929 θεὸν

176 3958 238 4031 σὸν
268 3956 421 4047 όδελφὸν
450 3961 543 4030 είναι.
586 3954 661 4032 ἄλλ’
693 3955 773 4047 δρᾷς
804 3956 851 4041 ῶς
882 3958 947 4048 τὴν
977 3954 1084 4048 ἀκοὴν
1113 3956 1258 4048 πλήττει
1290 3956 1310 4050 ἡ
1343 3957 1485 4047 τοιαύτη

125 4073 160 4130 35
177 4056 277 4148 φῶνὴ
301 4055 363 4131 οῦκ
386 4062 505 4147 ἔχουσα
527 4054 702 4149 ἁρμονίαν.
746 4065 774 4130 εἰ
805 4056 838 4128 δ’
869 4063 924 4130 ἐπὶ
954 4056 1018 4130 τόν
1043 4057 1119 4128 υίόν
1144 4055 1297 4143 ἐκλόβοις
1322 4057 1366 4130 τὰ
1389 4055 1520 4148 λόγιον

261 4278 302 4334 21
316 4278 380 4333 Joh.
399 4281 422 4344 1,
441 4280 455 4332 1
474 4307 508 4318 -
524 4278 542 4333 θ
558 4276 620 4334 Joh.
639 4280 662 4339 1.
682 4282 697 4333 l
715 4308 748 4318 -
768 4279 805 4333 10
822 4278 903 4334 Prov.
921 4280 946 4344 3,
964 4278 997 4333 13
1014 4308 1047 4318 -
1064 4278 1180 4345 Prov.3,
1190 4281 1223 4336 19
1239 4308 1273 4319 -
1293 4280 1330 4335 11
1349 4279 1488 4341 Prov.?‚4

175 4408 209 4417 -
229 4379 266 4434 12
283 4379 365 4435 Prov.
374 4380 424 4443 8,]
443 4409 477 4419 -
496 4379 536 4436 18
553 4380 633 4435 Prov.
647 4381 715 4446 8,12
733 4409 766 4420 -
784 4379 864 4435 Prov.
878 4383 928 4449 9,1
946 4409 980 4419 ·-
998 4380 1036 4436 21
1057 4379 1136 4435 Prov.
1148 4382 1197 4447 7,4
1216 4410 1248 4421 —
1268 4382 1306 4437 25
1325 4382 1412 4436 IKor.
1423 4383 1446 4445 1,
1456 4382 1489 4436 24

176 4509 209 4519 -
227 4480 267 4536 80
286 4480 366 4535 Ρτοτ.
385 4481 409 4544 9,
428 4483 442 4535 1
461 4510 494 4520 -
513 4481 551 4537 82
571 4481 651 4536 Prov.
670 4483 728 4546 m

263 4680 480 4751 ῙησαφίαΚ]
511 4681 516 4749 Ι
548 4675 666 4753 εἴρηται]
685 4681 773 4751 M?
805 4682 811 4750 Ι
843 4679 932 4737 82το
952 4678 1179 4738 ΚῙάντίτοῦί
1212 4686 1217 4753 Ι
1249 4680 1488 4740 θθάντίτσῦΚΙ
