3728 5508
354 489 394 552 50
942 478 1075 535 Eusebius

417 641 514 735 ἡμῶν
536 643 618 727 θεὸς
640 654 684 736 τῇ
705 646 830 718 ἑαυτοῦ
852 638 1075 716 διαπλάττων
1089 650 1193 736 σοφίᾳ
1217 638 1432 766 »ποιήσωμεν
1450 640 1660 732 ἄνθρωπον(

416 746 482 834 ἔφη
499 772 581 816 »κατ
582 741 721 820 ἐἰκόνα
737 741 900 836 ἡμετέραν
921 750 977 816 καί
999 739 1193 867 όμοίωσινι,
1214 749 1329 825 καλῶς
1350 741 1415 832 τὴν
1436 737 1664 861 ἀνθρωπίνην

417 841 525 933 σάρκα
546 839 728 934 ὀνομάζων
749 842 873 918 εἰκόνα.
903 838 976 931 ᾔδει
990 843 1054 933 γάρ
1067 839 1214 932 όκριβῶς
1229 834 1285 913 ότι
1306 842 1446 914 εἰκών”
1430 864 1522 913 εσται
1543 840 1664 932 μικρὸν

417 938 562 1032 ὕστερον
582 973 645 1017 του
629 945 791 1017 έἀυτοῦ
813 939 926 1033 λόγου.

320 1042 438 1134 σμετὰ
469 1049 578 1115 ταῦτα
607 1049 766 1133 πειρᾶται
794 1041 1055 1132 κατασκευάζειν
1084 1036 1140 1115 ότι
1168 1048 1224 1114 καί
1256 1040 1297 1114 τό
1331 1046 1386 1113 »ἐκ
1415 1039 1561 1130 γαστρός
1576 1039 1662 1160 πρὸ
1680 1047 1716 1102 30

355 1141 536 1232 ἑωσφόρον
557 1140 719 1233 ἐγέννησα
741 1166 794 1215 σει
818 1150 895 1233 περὶ
917 1148 978 1233 τὴς
1004 1141 1128 1231 σαρκός
1154 1144 1302 1230 έλέγετο,
1333 1137 1455 1230 γράφει
1485 1146 1521 1211 δέ
1552 1131 1665 1223 οῦτως

417 1245 488 1328 (Νι.
511 1249 562 1328 26)
594 1241 649 1315 διά
680 1248 787 1317 τοῦτο
818 1249 937 1315 τοίνυν
967 1248 1031 1315 τοῦ
1061 1241 1126 1332 τὴν
1155 1238 1284 1363 ἡμέραν
1309 1245 1499 1330 δηλοῦντος
1525 1235 1665 1328 ἀστέρος

419 1338 633 1430 ἑωσφόρον
611 1339 679 1413 νπό
695 1349 758 1414 τοῦ
772 1338 956 1433 προφὴτου
977 1347 1080 1414 Δανίδ
1100 1339 1243 1425 εἰκότως
1265 1334 1528 1430 ὀνομασθέντος,
1552 1336 1666 1412 οόκέτι

418 1451 644 1565 ζητεῖσθαι
614 1446 745 1515 δίκαιον
767 1440 831 1513 τὸν
852 1439 1039 1533 ἑωσφόρον,
1065 1447 1118 1525 τίς
1139 1432 1313 1531 δὴποτε”
1290 1469 1343 1511 ων
1369 1431 1471 1522 οὗτος
1496 1436 1665 1529 τυγχάνει·

418 1569 520 1624 ουτος
541 1569 605 1631 γαρ
626 1533 672 1631 ἡν
693 1537 712 1614 ό
734 1548 922 1633 τηνικαῦτα
944 1538 1104 1630 φαιείς’
1082 1538 1203 1631 αστὴρ,
1230 1535 1250 1611 ό
1273 1546 1389 1629 φέρων
1410 1566 1449 1610 τε
1469 1545 1526 1611 καί
1547 1545 1665 1628 δηλῶν

417 1641 482 1731 τὴν
503 1636 631 1731 ἡμέραν
651 1660 726 1725 τοῖς
747 1638 873 1732 μάγοις.
913 1638 1092 1731 πρόδηλον
1114 1633 1177 1714 οῦν
1199 1638 1241 1711 τό
1266 1638 1351 1727 »πρὸ
1373 1635 1556 1728 ἑωσφόρον
1576 1641 1664 1727 ἰγέν·
1681 1658 1715 1712 31

417 1736 501 1860 νησά
523 1764 577 1812 σει
601 1736 670 1812 όπδ
693 1747 755 1812 τοῦ
775 1738 1060 1831 παντοκράτορος
1075 1745 1228 1831 εἰρῆσθαι
1243 1735 1412 1811 δεσπότου
1432 1746 1509 1826 περὶ
1530 1766 1595 1809 τον
1579 1736 1664 1809 διά

418 1845 480 1930 τὴς
500 1845 678 1930 παρθένου
699 1845 926 1929 γεννηθέντος
940 1839 1002 1912 σῦν
1017 1870 1059 1929 τη
1044 1837 1283 1930 ἀνθρωπίνη
1298 1846 1394 1928 σαρκί
1410 1833 1524 1927 λόγου,
1547 1844 1665 1924 σαφῶς

417 1947 473 2010 καί
495 1946 599 2011 τοῦτο
621 1967 686 2011 τον
670 1935 901 2028 εὐαγγελίου
922 1946 1160 2030 σημαίνοντος,
1186 1934 1358 2028 πρότερον
1378 1944 1439 2028 μέν
1461 1935 1527 2009 τόν
1548 1934 1665 2008 δεσπό-

305 2054 338 2108 15
419 2067 485 2128 την
506 2034 604 2129 ἡμῶν
625 2036 680 2110 διὰ
706 2044 767 2128 τῆς
796 2044 974 2127 παρθένον
1004 2045 1176 2129 τετέχθαι,
1206 2031 1350 2127 ῦστερον
1381 2044 1417 2109 δὲ
1446 2036 1511 2110 τόν
1541 2033 1666 2125 άστέρα

418 2142 568 2227 φανῆναι
590 2136 654 2209 τόν
675 2135 740 2225 τὴν
762 2133 889 2228 ἡμέραν
910 2136 1097 2210 δεικνύντα.

356 2242 411 2309 έπί
433 2236 570 2320 τούτοις
590 2237 726 2326 προίών
748 2229 850 2321 αὖθις
872 2243 1016 2327 έπιλέχει
1682 2253 1717 2306 32

418 2339 487 2422 (Νι.
511 2344 564 2422 94)
596 2339 734 2426 εἴληφεν
764 2336 827 2427 γάρ
857 2332 878 2410 6
908 2337 1097 2426 ἄνθρωπος
1127 2333 1169 2408 οό
1198 2332 1307 2426 μόνον
1332 2334 1397 2426 τὴν
1423 2340 1478 2407 έπὶ
1504 2340 1564 2425 γῆς
1590 2339 1664 2406 τοῦν

417 2431 628 2525 πραγμάτων
650 2439 812 2523 ἐξουσίαν,
836 2433 924 2509 άλλά
946 2445 1002 2508 καὶ
1024 2443 1097 2508 τῶν
1118 2440 1156 2508 έν
1171 2432 1340 2524 οόρανοίς,
1363 2432 1518 2519 εἰκότως·
1549 2440 1579 2506 εἰ
1600 2431 1663 2522 γὰρ

303 2548 338 2605 20
418 2528 476 2607 ότε
501 2541 558 2606 καί
588 2533 810 2624 »όνθρωποςι
839 2542 972 2626 ἐγένετο
999 2543 1055 2606 καί
1085 2544 1237 2626 »μεσίτης
1259 2543 1344 2609 θεοῦ
1364 2542 1420 2608 καί
1443 2531 1661 2623 ἀνθρώπων(

417 2631 498 2706 τότε
519 2640 566 2716 είς
588 2630 695 2706 αῦτόν
719 2639 877 2726 »έκτίσθη
891 2635 935 2708 τά
948 2632 1095 2720 πάνται,
1118 2631 1167 2717 οός
1190 2638 1254 2724 ἔφη
1276 2629 1295 2706 6
1318 2628 1520 2717 ἀπόστολος,
1545 2631 1606 2705 »τά
1626 2661 1665 2704 τε

417 2737 454 2805 ἰν
476 2729 632 2821 οόρανοῑς
654 2741 709 2806 καὶ
731 2733 774 2806 τά
795 2738 851 2806 έπὶ
873 2741 963 2825 γῆςι,
985 2731 1180 2807 όκόλουθόν
1201 2739 1296 2806 ἐστιν
1316 2729 1464 2822 όκριβῶς
1485 2732 1666 2822 γινώσκειν

417 2827 472 2906 ότι
494 2836 626 2920 έξουσία
648 2829 690 2904 οῦ
708 2829 817 2923 μόνον
839 2842 913 2906 τῶν
935 2838 989 2906 έπί
1012 2840 1071 2925 γῆς
1093 2830 1198 2924 αὐτοῦ,
1221 2830 1309 2906 όλλά
1330 2840 1386 2903 καί
1409 2839 1484 2905 τῶν
1505 2836 1543 2904 έν
1565 2828 1664 2919 οῦρα·

417 2951 489 3016 ναῖς
511 2937 655 3006 δέδοται.

302 3045 336 3101 25
352 3040 409 3105 καὶ
431 3025 532 3115 αὖθις
552 3027 630 3121 μεθ’
653 3031 751 3121 ἕτερα
771 3030 887 3122 έπάχει

417 3135 485 3219 (Νι.
500 3138 552 3217 95)
576 3135 605 3201 εἰ
625 3129 688 3221 γάρ
709 3140 786 3222 περί
807 3161 902 3215 τινος
925 3128 1024 3222 δόξης
1046 3140 1205 3223 δοθείσης
1219 3128 1314 3222 αῦτῷ
1333 3130 1426 3220 παρὰ
1449 3128 1664 3219 τοῦπατρὸς

416 3229 457 3303 τό
479 3228 573 3320 ἱερὸν
600 3225 796 3320 εὐαγγέλιον
823 3238 922 3320 λέγει,
952 3231 1082 3322 ταύτην
1112 3228 1131 3303 ό
1162 3232 1351 3320 ἄνθρωπος
1381 3229 1435 3303 διά
1467 3236 1529 3304 τοῦ
1559 3228 1666 3319 λόγου

415 3331 567 3420 εἰληφώς
589 3338 755 3418 φαίνεται.
801 3337 971 3420 »μεσίτηςι
997 3330 1060 3419 γάρ
1082 3329 1263 3423 γενόμενος
1277 3330 1366 3403 κατὰ
1387 3329 1452 3402 τόν
1473 3329 1567 3420 ίερὸν
1581 3325 1664 3401 666-

415 3439 543 3503 στολον
574 3435 677 3501 »θεοῦ
707 3439 826 3501 τεκαὶ
856 3425 1076 3520 άνθριόπωνι
1110 3438 1152 3521 τῇ
1183 3437 1322 3519 δοθείσῃ
1353 3426 1446 3518 αὐτῷ
1477 3426 1571 3519 παρὰ
1601 3433 1665 3501 τοῦ

301 3541 336 3597 30
414 3526 546 3619 πατρός
568 3526 650 3616 δόξη
673 3527 754 3611 τοῦς
776 3540 943 3616 θεοσεβεῖς
964 3526 1122 3618 ἐδόξασεν
1145 3527 1361 3621 άνθρώπους.

352 3635 407 3699 καί
430 3626 535 3700 πάλιν
556 3635 785 3718 προστίθησιν
806 3635 916 3700 ταῦτα
1681 3647 1716 3701 33

415 3730 486 3814 (Νι.
505 3733 558 3816 96)
589 3733 645 3798 καί
672 3723 815 3817 ἡξίωσεν
841 3726 906 3800 τόν
926 3725 1077 3801 πεσόντα
1097 3730 1153 3801 διά
1174 3735 1235 3819 τῆς
1263 3734 1440 3820 παρακοῆς
1471 3727 1663 3817 ἄνθρωπον

417 3834 468 3917 τῷ
492 3826 615 3899 ἑαυτοῦ
637 3826 691 3899 διὰ
723 3832 785 3917 τῆς
814 3834 992 3916 παρθένου
1022 3836 1243 3920 συναφθὴναι
1272 3826 1376 3918 λόγῳ.
1420 3834 1504 3899 ποία
1532 3825 1596 3916 γάρ
1626 3829 1664 3898 έν

418 3923 619 4014 ἀνθρώποις
633 3927 731 4016 ἑτέρα
745 3932 870 4015 μείζων
884 3924 966 4015 δόξα
986 3925 1110 4018 γένοιτ’
1126 3926 1169 3999 όν
1191 3935 1253 4019 τῆς
1273 3925 1374 4018 δόξης
1395 3924 1536 4016 ταύτης,
1556 3927 1665 3997 είιιών

301 4037 336 4093 35
416 4033 452 4098 δέ
475 4019 530 4098 ότι
554 4022 715 4112 ιίδόξασά
737 4049 804 4109 σει,
827 4030 979 4117 ἐπιφέρει
1000 4034 1111 4119 λέγων
1136 4035 1209 4100 »καί
1230 4025 1336 4101 πάλιν
1358 4023 1522 4114 δοξάσωι,
1544 4028 1600 4096 ἵνα
1620 4021 1663 4096 δι’

415 4123 608 4215 όπερβολὴν
630 4134 897 4216 φιλανθρωπίας
918 4132 957 4199 ἰν
978 4135 1022 4217 τῇ
1041 4126 1126 4219 μετά
1148 4128 1214 4218 τὴν
1240 4125 1426 4200 ἀνάστασιν
1452 4131 1513 4216 τῆς
1539 4122 1664 4213 σαρκὸς

439 4297 454 4352 ι
476 4296 545 4351 Gen.
564 4298 588 4363 1,
605 4296 639 4352 ιο
657 4326 689 4336 -
708 4296 726 4352 ε
745 4296 901 4364 Ps.109,3
927 4327 960 4337 -
988 4300 1024 4355 ιι
1045 4298 1090 4355 Ρι.
1107 4298 1199 4362 σοι
1225 4327 1258 4338 -
1285 4297 1325 4354 ιι
1338 4262 1444 4354 ἰιιιιιι
1462 4300 1486 4362 1,
1504 4296 1537 4351 ιε
1563 4323 1597 4334 -
1625 4294 1662 4350 ιι

351 4397 451 4453 ιιιιιι.
470 4397 494 4464 2,
513 4400 579 4450 2-
597 4398 638 4453 ιο
655 4398 668 4452 ι
685 4397 755 4453 σιω.
773 4400 797 4463 ι,
815 4400 832 4454 σ
849 4427 882 4438 -
901 4399 939 4455 ιι
960 4399 1098 4469 νουσιν
1115 4429 1149 4439 -
1168 4399 1207 4456 ιι
1224 4398 1382 4463 ισσιισι
1399 4428 1433 4438 -
1452 4396 1492 4454 ιε
1510 4394 1662 4459 mmm

351 4497 634 4562 -ωωωω

435 4647 455 4703 ⁸
473 4641 551 4703 ἔσται
569 4650 608 4702 V²
624 4644 745 4704 eamv*
772 4650 776 4716 Ι
805 4648 843 4707 15
861 4647 994 4720 τετέχθαι
1012 4650 1050 4703 V²
1067 4667 1091 4704 a.
1109 4651 1154 4713 R.;
1171 4667 1210 4715 τε,
1227 4651 1339 4721 τεχθεὶς
1357 4651 1397 4704 V*
1423 4652 1429 4719 Ι
1455 4650 1492 4707 6⁶
1509 4666 1541 4707 σε
1560 4658 1594 4711 <
1615 4649 1662 4704 ΝΤ
