3698 5510
606 471 640 525 de
658 472 843 527 ecelesiastica
858 468 1000 539 theologia
1017 469 1029 521 I
1047 469 1088 525 20.
1461 476 1499 539 87

186 630 230 727 ῆν
253 643 353 726 ζωῆς.
397 635 449 708 διὸ
477 643 482 721 Ι
510 641 665 706 λέλεκταί
694 661 763 705 που
796 632 920 721 »ἄρτον
953 628 1106 723 ἀγγέλων
1132 635 1257 722 ἔφαγεν
1284 631 1501 720 άνθρωποςι.
1518 643 1560 701 θθ

184 741 242 807 καλ
265 744 349 826 πρὶν
371 731 585 807 ἀπεστάλθαι
607 732 671 821 άρα
693 729 760 805 ὑπὸ
784 739 846 804 τοῦ
868 731 998 823 πατρὸς
1020 736 1057 804 ἐν
1072 729 1209 823 οὐρανῷ
1231 726 1350 821 ἦνκαὶ
1373 735 1430 822 ἐ’ζη
1446 730 1513 817 διά,

186 835 251 907 τόν
274 840 416 921 πατέρα,
440 831 500 924 οὑχ
522 831 570 917 ῶς
592 830 693 922 λόγος
715 830 917 921 σημαντικός
940 828 1015 905 οὐδ’
1040 829 1088 915 ὼς
1107 836 1144 904 ἓν
1165 838 1221 903 καὶ
1243 827 1374 903 ταὺτδν
1396 828 1500 919 ὑπάρ-
1518 844 1552 901 36

184 963 257 1023 χοιν
290 940 344 1024 τῷ
374 940 462 1023 θεῷ,
493 928 567 1005 ἀλλ’
598 928 646 1016 ῶς
672 929 829 1019 ὑφεστὼς
850 940 906 1004 καλ
929 932 1022 1023 ζαῆν
1043 938 1132 1004 ἰδέαν
1155 936 1256 1023 ἔχων,
1280 931 1322 1022 ἣν
1344 927 1363 1002 ὑ
1385 931 1500 1023 πατὴρ

153 1030 286 1124 οαὺτῷ
310 1038 465 1106 δέδωκεν.
508 1038 563 1103 καὶ
585 1033 719 1120 προϊὼν
745 1039 781 1104 δὲ
812 1035 887 1121 ἑξῆς
918 1031 959 1104 τό
990 1029 1156 1122 ὑπερέχον
1186 1037 1247 1121 τῆς
1277 1037 1341 1103 τοῦ
1370 1031 1501 1120 πατρὸς
1519 1046 1552 1101 37

185 1131 292 1223 δόξης
312 1132 479 1222 παριστὰς
502 1136 616 1220 ἔλεγεν
640 1133 776 1215 ικαθὼς
804 1136 953 1218 ἐδίδαξέν
978 1160 1018 1221 με
1050 1127 1069 1204 ό
1099 1129 1227 1222 πατῆρ,
1259 1139 1367 1204 ταῦτα
1398 1140 1502 1204 λαλῶ.

185 1240 242 1305 καὶ
267 1228 289 1305 ὁ
310 1239 446 1322 πέμψας
466 1261 505 1322 με
528 1228 599 1323 μετ’
622 1236 704 1320 ἐμοῦ
729 1236 834 1303 ἐστιν·
870 1230 932 1304 οὑκ
963 1228 1096 1321 ἀφῆκέν
1125 1259 1165 1322 με
1194 1227 1318 1324 μόνον,
1349 1225 1405 1304 ότι
1434 1232 1502 1320 ἐγὼ

185 1332 228 1406 τά
257 1329 384 1422 άρεστά
412 1327 508 1421 αὑτῶ
531 1338 624 1403 ποιῶ
646 1329 829 1404 πάντοτει.
872 1329 966 1421 τήρει
996 1338 1033 1404 δὲ
1055 1329 1214 1421 ἀκριβῶς,
1246 1326 1342 1416 όπιος
1374 1336 1502 1421 εἴρηται

188 1431 393 1505 »πάντοτεα
436 1428 477 1503 οδ
500 1431 563 1521 γὰρ
586 1437 657 1516 νῦν,
688 1438 806 1520 φησίν,
838 1423 897 1502 ότε
918 1434 974 1502 ἐπὶ
996 1437 1056 1521 γῆς
1078 1427 1279 1521 ἀνθρώποις
1302 1430 1355 1503 διά
1378 1429 1502 1520 σαρκὸς
1519 1447 1554 1503 38

136 1549 168 1603 10
185 1528 316 1622 ὑμιλῶ,
348 1532 391 1604 τά
413 1528 537 1621 άρεστά
564 1538 616 1622 τῷ
638 1539 743 1620 πατρὶ
765 1528 1029 1621 διαπράττομαι,
1054 1527 1142 1604 άλλά
1164 1539 1220 1603 καὶ
1242 1528 1402 1603 πάντοτε.
1446 1538 1502 1601 καὶ

186 1639 303 1704 ταῦτα
332 1639 368 1704 δὲ
399 1643 515 1704 λαλεῖν
545 1629 765 1719 μαρτύρεται,
797 1623 882 1719 άπερ
913 1628 962 1715 ῶς
983 1631 1076 1721 παρὰ
1098 1628 1302 1703 διδασκάλου
1321 1629 1414 1721 παρὰ
1437 1637 1501 1703 τοῦ

184 1732 322 1820 πατρὸς
343 1728 552 1821 μεμάθηκεν·
575 1728 701 1803 οὑκοῦν
722 1736 777 1801 καὶ
800 1727 1004 1803 διδάσκαλον
1026 1728 1251 1820 ἐπιγράφεται
1273 1729 1337 1802 τὸν
1357 1737 1499 1818 πατέρα,

186 1832 309 1920 έτερσς
331 1824 383 1905 ὼν
404 1829 532 1921 δηλαδὴ
553 1826 633 1920 παρ’
657 1825 774 1914 αὑτόν,
797 1834 864 1919 εἴγε
884 1837 953 1914 πῶς
975 1824 994 1901 ό
1016 1860 1069 1919 τφ
1084 1826 1363 1920 μαθητευόμενος
1386 1830 1501 1918 ἕτερος

186 1929 349 2021 τυγχάνει
372 1937 434 2002 τοῦ
456 1927 685 2012 διδάσκοντος.
728 1934 757 2000 εἰ
780 1925 812 2001 δ’
835 1934 872 2000 ἐν
901 1937 951 2019 τῷ
974 1937 1048 2020 θεῷ
1070 1922 1112 2019 ῆν
1134 1924 1154 2001 ὑ
1177 1928 1294 2020 λόγος,
1317 1926 1358 2002 δι’
1382 1924 1423 2003 όν
1445 1936 1500 2001 καὶ
1518 1943 1553 1998 39

137 2048 169 2102 15
188 2030 329 2120 λογικὸς
355 2028 398 2101 άν
424 2030 560 2120 ῥηθείη,
592 2036 665 2101 τῶν
693 2027 908 2117 τοῦπατρὸς
931 2026 1118 2119 νοημάτων
1140 2026 1344 2120 σημαντικός
1366 2059 1418 2111 τις
1439 2025 1500 2113 ὼν,

186 2138 268 2214 πῶς
291 2126 333 2201 όν
355 2126 460 2213 αὑτός
481 2132 606 2201 ἑαυτοῦ
627 2134 760 2218 γένοιτο
777 2125 994 2213 διδάσκαλος;
1015 2136 1091 2212 πῶς
1111 2125 1144 2199 δ’
1160 2126 1349 2217 άχὼριστος
1371 2121 1423 2201 ὼν
1438 2135 1502 2201 τοῦ

186 2237 286 2311 θεοῦ,
318 2228 441 2301 ἑαυτὸν
472 2231 584 2317 ἔλεγεν
615 2224 845 2312 άπεστάλθαι;
876 2236 954 2311 πῶς
984 2233 1019 2298 δὲ
1050 2231 1087 2299 έν
1108 2234 1163 2298 καὶ
1187 2224 1316 2299 ταὺτὸν
1337 2225 1503 2318 ὑπάρχων

188 2338 241 2420 τῶ
267 2335 341 2419 θεῷ
363 2327 406 2400 τά
429 2322 553 2415 άρεστδι
574 2325 741 2415 πράττειν
764 2323 866 2417 αὑτῶ
882 2325 1140 2417 διεμαρτύρετο,·
1167 2334 1194 2399 εἰ
1222 2333 1257 2399 δὲ
1283 2329 1371 2415 πρὸς
1393 2336 1502 2400 ταῦτα

188 2437 285 2519 λέγοι
307 2425 508 2518 Μάρκελλος
529 2431 566 2498 ἐν
589 2435 632 2517 τῆ
654 2434 749 2515 σαρκὶ
772 2420 858 2497 ὄντα
880 2424 944 2498 τόν
972 2423 1078 2514 λόγον
1100 2426 1228 2509 ταύτας
1251 2432 1417 2517 εἰρηκέναι
1440 2428 1502 2511 τάς

138 2546 171 2600 20
189 2525 327 2617 φωνάς,
359 2534 414 2598 καὶ
446 2535 479 2598 τί
510 2533 616 2599 τοῦτο
648 2524 800 2616 φῆσομεν
829 2525 917 2611 πρὸς
948 2523 989 2598 τὸ
1019 2526 1064 2616 μῆ
1093 2522 1272 2616 ὁμολογεῖν
1295 2526 1370 2597 υλδν
1392 2522 1500 2597 αὑτὸν

188 2630 287 2711 εἶναι,
310 2623 397 2699 ἀλλὰ
418 2623 522 2716 λόγον
539 2623 664 2718 μόνον;
693 2634 769 2709 πῶς
796 2622 829 2697 δ’
852 2629 889 2696 έν
912 2633 954 2713 τῇ
976 2632 1072 2713 σαρκὶ
1095 2617 1147 2715 ῆν,
1171 2620 1230 2698 ότε
1252 2622 1348 2698 ταῦτ’
1371 2628 1500 2714 ἔλεγεν;
1517 2638 1553 2694 40

188 2724 256 2815 ἆρά
276 2757 312 2817 γε
335 2733 405 2815 ζῶν
426 2734 482 2797 καὶ
504 2721 662 2815 ὑφεστὼς
682 2732 737 2797 καὶ
761 2723 976 2813 τοῦπατρὸς
997 2721 1164 2814 ὑπάρχων
1178 2722 1291 2811 έκτός;
1312 2732 1368 2796 καὶ
1391 2733 1443 2807 τίς
1457 2717 1501 2814 ῆν

190 2823 209 2899 ὑ
242 2826 357 2916 πατὴρ
387 2822 483 2911 τότε,
514 2825 559 2915 μὴ
590 2824 653 2897 τὸν
686 2831 812 2898 οἰκεῖον
841 2831 1046 2915 κεκτημένος
1079 2830 1116 2897 έν
1147 2822 1242 2917 αὑτῶ
1273 2822 1391 2914 λόγον,
1428 2819 1502 2897 ἀλλ’

189 2924 351 3014 ὑφεστὼς
373 2924 455 2997 ἄνευ
476 2921 595 3015 λόγου·
617 2930 764 2999 ἐνοικοῦν
786 2921 819 2995 δ’
842 2928 880 2994 έν
901 2932 944 3013 τῇ
966 2931 1062 3013 σαρκὶ
1084 2920 1104 2997 ὑ
1127 2922 1241 3014 λόγος,
1274 2919 1326 2998 ὅτ’
1357 2930 1412 2997 ἐπὶ
1443 2931 1503 3014 γῆς

140 3041 173 3098 25
191 3030 342 3097 ἐποιεῖτο
374 3023 436 3108 τάς
468 3023 649 3114 διατριβάς,
680 3032 709 3096 εἰ
738 3030 800 3113 μὲν
822 3030 885 3096 τοῦ
910 3024 1042 3111 πατρὸς
1069 3025 1168 3109 ἐκτὸς
1189 3017 1247 3115 ῆν,
1279 3033 1349 3112 ζῶν
1370 3032 1426 3096 καὶ
1447 3032 1503 3100 58¹

189 3123 351 3212 ὑφεστὼς
371 3132 428 3196 καὶ
450 3124 515 3214 τὴν
537 3124 642 3213 σάρκα
663 3133 773 3196 κινῶν
793 3130 902 3213 φυχῆς
925 3130 1030 3215 δίκην,
1054 3126 1167 3212 ἕτερος
1189 3125 1316 3216 δηλαδὴ
1331 3126 1423 3214 παρά
1440 3124 1502 3199 τὸν

190 3231 338 3313 πατέρα,
368 3230 424 3296 καλ
450 3224 511 3295 δύο
538 3222 642 3297 πάλιν
663 3221 865 3308 ὑποστάσεις
886 3220 991 3308 αὑτός
1018 3252 1055 3295 τε
1076 3232 1131 3297 καὶ
1154 3219 1173 3295 ὑ
1200 3225 1315 3315 πατὴρ
1337 3222 1502 3316 ὑπῆρχον,

189 3321 334 3414 μάταιός
369 3353 407 3396 τε
442 3331 509 3409 πῶς
540 3320 559 3395 ὁ
589 3331 793 3409 Μαρκέλλου
828 3324 1033 3413 πεφὼραται
1068 3322 1176 3407 πόνος
1213 3321 1360 3414 οὖοιῶδη
1398 3323 1501 3414 λόγον
1518 3333 1552 3386 41

192 3433 310 3511 ζῶντα
331 3431 387 3495 καὶ
414 3419 598 3511 ὑφεστῶτα
629 3423 693 3496 τόν
714 3429 752 3497 ἐν
774 3432 816 3513 τῆ
840 3430 936 3511 σαρκὶ
960 3420 1145 3513 γενόμενον
1167 3419 1373 3514 ὁριζομένου.
1417 3432 1445 3496 εἰ
1467 3423 1501 3497 δ’

141 3542 174 3597 30
190 3523 291 3607 ἐκτὸς
312 3520 461 3613 ὑπῆρχεν
488 3530 549 3595 τοῦ
571 3518 697 3596 θεοῦὺ
725 3528 762 3595 έν
788 3529 841 3613 τῷ
872 3524 1003 3614 οῶματι
1033 3532 1207 3596 κατοικῶν
1238 3520 1352 3612 λόγος,
1383 3521 1501 3614 ῆναιτο

191 3629 305 3695 δὲκαὶ
328 3629 481 3712 συνῆπτο
505 3629 557 3713 τῶ
578 3630 652 3714 θεῷ
676 3620 724 3707 ὼς
742 3625 777 3695 έν
799 3651 836 3694 τε
858 3633 914 3695 καὶ
937 3620 1066 3695 ταὺτόν
1088 3624 1173 3696 εἶναι
1196 3620 1301 3714 αὑτῷ,
1321 3630 1326 3711 l
1346 3629 1381 3712 ἐξ
1402 3621 1502 3712 άνάγ-
1520 3633 1559 3690 91

190 3753 252 3813 κης
283 3721 384 3794 δῶσει
414 3717 436 3811 ἢ
463 3718 570 3795 αὑτὸν
591 3724 677 3794 εἶναι
700 3721 763 3794 τὸν
785 3729 916 3812 πατέρα
938 3728 976 3793 έν
996 3731 1038 3812 τῆ
1062 3730 1173 3811 σαρκί,
1196 3718 1218 3810 ἢ
1241 3721 1304 3796 τόν
1325 3722 1401 3795 υἱὸν
1423 3721 1502 3811 ὑφε-

192 3829 312 3895 στῶτα
332 3817 412 3892 καθ’
435 3821 559 3893 ἑαυτὸν
579 3831 636 3895 καὶ
659 3826 863 3913 ἐνεργοῦντα
885 3826 924 3892 έν
945 3828 995 3912 τῷ
1019 3822 1165 3912 σώματι,
1188 3818 1210 3911 ἢ
1232 3822 1343 3912 ψυχὴν
1365 3818 1501 3913 άνθρὼ·

191 3951 269 4006 που,
301 3917 323 4011 ἢ
355 3926 384 3992 εἰ
413 3926 518 4011 μηδὲν
539 3920 691 4007 τοότῶν,
723 3918 918 4012 αὑτόματον
949 3933 1116 3994 κινεῖσθαι
1138 3922 1204 4012 τῆν
1226 3920 1345 4011 σάρκα,
1368 3923 1502 4014 άφυχον

142 4039 175 4094 35
193 4015 299 4095 οὖσαν
331 4028 387 4092 καὶ
414 4020 549 4109 άλογον.
592 4026 621 4091 εἰ
648 4028 710 4113 μὲν
742 4013 804 4093 οὖν
834 4020 898 4092 τὸν
928 4026 1056 4111 πατέρα
1087 4029 1193 4111 λέγοι,
1223 4023 1317 4093 ἔσται
1343 4016 1362 4093 ὑ
1389 4022 1501 4112 πατὴρ
1518 4037 1555 4092 42

194 4118 288 4211 αὑτῶ
312 4116 331 4192 ό
355 4127 531 4210 γεννηθεὶς
558 4129 614 4192 καὶ
644 4120 773 4193 παθὼν
804 4128 860 4191 καὶ
886 4129 957 4194 πᾶν
987 4124 1087 4211 ἔργον
1115 4119 1398 4210 άνθριοποπαθὲς
1418 4120 1501 4193 ὑπο-

277 4293 293 4348 1
313 4291 356 4346 ps.
376 4293 416 4357 ιι,
435 4292 469 4347 25
491 4322 524 4330 -
547 4291 639 4361 avgl.
657 4290 703 4345 Ns.
723 4294 763 4347 τε.
781 4292 815 4347 ει
840 4320 874 4330 -
900 4291 998 4348 ειοε.
1015 4292 1040 4357 ε,
1058 4293 1099 4347 νε.
1118 4293 1151 4347 ιο
1179 4322 1210 4330 -
1239 4291 1273 4346 ιι
1295 4290 1357 4347 Joh.
1374 4292 1399 4359 ο,
1417 4296 1450 4349 ει
1468 4323 1502 4333 -

192 4393 248 4464 vgl.
266 4392 312 4449 Νι.
330 4393 365 4449 οι
382 4422 416 4433 -
436 4392 474 4450 ιε
491 4392 553 4448 Joh.
571 4394 596 4459 8,
614 4395 647 4449 νο
666 4423 696 4433 -
717 4393 752 4448 ει
774 4393 830 4463 vgl.
848 4392 894 4448 Νι.
913 4395 947 4448 62

277 4545 315 4600 12
335 4540 387 4599 οὑκ
405 4535 456 4599 οὖν
474 4562 522 4614 mg
544 4544 549 4610 1
574 4544 612 4599 18
631 4538 688 4617 ὅτῳ
707 4544 739 4611 V,
758 4560 826 4599 corr.
847 4544 898 4600 We
921 4546 925 4612 Ι
950 4544 988 4600 23
1007 4542 1083 4615 αὐτῷ
1101 4545 1126 4597 V
1150 4548 1154 4611 Ι
1181 4545 1218 4599 2ss
1236 4545 1347 4613 δηλαδὴ]
1366 4553 1397 4609 -Ι-
1417 4541 1471 4613 bv?
1495 4544 1498 4575 ³

193 4646 253 4701 8οῐ
268 4639 466 4715 ῆνωται...έν
479 4647 528 4700 καὶ
541 4641 645 4701 ταύτὸν
662 4638 738 4701 εἷναί
753 4663 784 4701 τε
794 4645 827 4711 V,
854 4664 922 4701 corr.
932 4645 985 4700 We
1008 4648 1012 4713 Ι
1036 4647 1076 4702 84
1095 4644 1111 4714 ἢ
1129 4641 1156 4701 εἰ
1172 4644 1262 4716 Ηογεε
1280 4642 1307 4702 εἰ
1323 4644 1351 4700 εἰ
1366 4645 1407 4699 V*
1426 4642 1453 4701 εἰ
1463 4645 1502 4697 V²
