3728 5508
360 465 400 528 58
946 452 1081 511 Eusebius

358 618 481 740 μόνος.
487 621 553 711 ἄρα
574 615 656 692 τότε
678 616 984 737 ἀπολειφθήσεται,
1006 624 1270 707 παυθηοομένης
1291 613 1399 690 αύτοῦ
1420 623 1483 707 τῆς
1503 624 1674 701 &Melas

358 729 415 793 καλ
437 726 499 811 τῆς
521 725 696 807 ζωοποιού
716 715 840 840 σαρκός
861 715 988 806 ἐρήμου
1007 724 1064 789 καί
1086 716 1215 807 άλόγου
1229 717 1652 808 καταλειφθηοομένης,ι
1624 750 1674 802 ως

357 818 443 911 μῆτε
465 816 697 941 προϋπάρχειν
719 814 826 889 αῦτόν
846 816 923 889 υίόν
944 823 1029 889 θεοῦ
1054 810 1141 889 ὄντα
1166 815 1251 907 μήτε
1277 823 1425 904 διαρκεῖν
1452 818 1548 901 εἰς’
1526 847 1673 909 απειρον

358 922 447 994 κατὰ
469 920 534 1011 τῆν
555 924 618 991 τοῦ
639 922 844 1006 Μαρκέλλου
869 922 1094 989 διδασκαλίαν
1136 916 1326 1000 είκότως’
1304 945 1371 1005 αρα
1396 923 1507 989 ταῦτα
1532 925 1673 1002 βασιλέα
1689 930 1727 986 29

324 1021 425 1094 στὸν
446 1018 495 1104 ῶς
516 1016 660 1109 άληθῶς
681 1022 830 1106 θεοφιλῆ
850 1024 907 1087 καλ
930 1013 1172 1105 τρισμακάριον
1192 1016 1282 1088 κατὰ
1310 1021 1376 1088 τοῦ
1405 1013 1532 1106 ἇνδρός
1559 1020 1673 1101 ἐκίνει,

358 1130 471 1193 καίτοι
491 1127 591 1210 μυρία
613 1116 885 1199 κολωιεύσαντος
906 1117 1097 1189 καὶπολλὰ
1123 1123 1287 1202 βασιλέως
1316 1115 1467 1205 ἐγκώμια
1497 1112 1605 1188 αύτοῦ
1635 1122 1674 1189 ἐν

357 1218 587 1312 συγγράμματι
616 1212 827 1300 διελθόντος.
869 1222 978 1288 ταῦτα
1008 1221 1045 1287 δέ
1073 1224 1130 1287 καὶ
1158 1215 1224 1305 τῆν
1254 1211 1354 1305 άγίαν
1382 1213 1530 1288 σύνοδον
1560 1220 1599 1288 ἐν
1629 1224 1674 1305 τῆ

357 1327 511 1409 βασιλικῇ
533 1322 769 1391 συνελθοῦσαν
789 1311 889 1387 πόλει
910 1319 945 1402 ἐξ
966 1319 1139 1404 ἐπαρχιῶν
1160 1312 1340 1404 διαφόρων
1353 1312 1562 1388 Πόντουκαλ
1578 1324 1673 1388 Καπ-

358 1426 524 1502 παδοκίας
544 1416 653 1500 Ἄσίας
679 1423 800 1488 τεκαὶ
827 1422 974 1505 Φρυγίας
1004 1421 1059 1486 καὶ
1082 1422 1249 1497 Βιθυνίας
1255 1412 1409 1537 powg
1438 1443 1477 1487 τε
1507 1421 1564 1485 καὶ
1596 1423 1673 1486 τῶν

307 1526 342 1582 10
358 1524 515 1591 ἐπέκεινα
535 1524 651 1608 μερῶν
672 1513 881 1606 στηλιτεύειν
910 1515 975 1587 τὸν
1006 1514 1114 1604 ἄνδρα
1143 1512 1199 1585 διὰ
1217 1519 1292 1635 ’τῆς
1311 1511 1387 1586 κατ’
1410 1511 1518 1588 αύτοῦ
1534 1522 1674 1636 γραφῆς

357 1627 413 1690 καί
434 1617 480 1709 μῆ
507 1625 680 1690 θέλουσαν
706 1611 902 1703 ἐξεβιάζετο
943 1619 1054 1686 ταῦτα
1082 1610 1188 1684 καί
1167 1619 1254 1704 ημᾶς
1282 1617 1338 1687 ἐπὶ
1368 1614 1435 1705 τῆν
1463 1614 1561 1737 μετὰ.
1578 1637 1673 1706 χεῖρα

356 1722 509 1805 ἐξέτασιν
529 1726 714 1806 προελθεῖν
743 1710 1010 1805 κατηνάγκασεν,
1041 1708 1127 1804 ὁμοῦ
1156 1721 1213 1784 καλ
1243 1731 1317 1798 τοῖς
1346 1711 1487 1801 δόξασιν
1517 1722 1561 1804 τῇ
1591 1712 1671 1808 άχίᾳ

357 1814 491 1907 συνόδῳ
513 1821 798 1905 παριοταμένους,
829 1810 915 1904 ὁμοῦ
946 1822 1002 1886 καὶ
1032 1833 1106 1895 τοῖς
1135 1822 1409 1903 συλλειτουργοῖς
1437 1811 1671 1902 προστάξασιν

358 1924 464 1989 τοῦτο
486 1923 611 2005 πρᾶξαι
633 1914 675 1988 τὸ
701 1920 707 2003 Ι
733 1914 854 1987 ἱκανὸν
879 1919 1111 2004 ποωυμένους.
1152 1909 1299 2001 μάλιστα
1328 1919 1367 1984 δέ
1393 1942 1453 2002 μοι
1482 1910 1671 2004 άναγκαῖον
1689 1922 1727 1975 30
1740 1923 1745 1991 Ι
1759 1922 1798 1979 ⁵⁶

306 2027 338 2079 15
358 2011 501 2105 ἡγοῦμαι
523 2021 724 2104 γεγενῆσθαι
745 2012 786 2085 τὸ
807 2012 941 2103 γράμμα
963 2012 1019 2086 διὰ
1040 2013 1122 2095 τούς
1144 2008 1326 2102 ἠδικῆσθαι
1347 2011 1413 2085 τὸν
1439 2011 1547 2102 ἄνδρα
1574 2042 1670 2087 νενο-

356 2110 506 2205 μικότας.
547 2112 611 2203 χρῆ
633 2112 697 2203 γὰρ
719 2111 997 2200 ἀποθεραπεῦσαι
1018 2112 1180 2201 τὴντῶν
1205 2108 1381 2202 ἡμετέρων
1401 2108 1566 2200 ἀδελφῶν
1586 2110 1670 2187 ύπό·

357 2241 456 2285 νοιαν
478 2213 532 2286 διὰ
554 2219 618 2285 τοῦ
640 2211 791 2301 φανερὰν
812 2218 1021 2302 καταστῆσαι
1043 2211 1109 2302 τῆν
1130 2229 1271 2302 μακροῖς
1296 2217 1359 2301 μὲν
1384 2209 1524 2300 χρόνοις
1556 2216 1670 2304 ἐμφω-

356 2311 521 2384 λεύσασαν
544 2310 639 2403 αύτῶ
662 2319 708 2396 εἰς
730 2312 795 2384 τὸν
815 2310 891 2384 υίὸν
913 2318 977 2386 τοῦ
998 2319 1082 2384 θεοῦ
1105 2308 1274 2395 ἀπιστίαν,
1296 2316 1371 2382 νυνί
1391 2317 1428 2383 δέ
1442 2315 1671 2404 ἐληλεγμένην

355 2412 409 2486 διὰ
441 2418 503 2502 τῆς
534 2410 640 2484 αύτοῦ
670 2417 817 2501 γραφῆς,
853 2409 897 2501 ῆν
930 2412 1075 2502 μηδενός
1103 2417 1295 2492 καλοῦντος
1322 2408 1518 2502 αύτόμολος
1548 2418 1670 2501 φέρων

303 2520 338 2576 20
354 2518 483 2602 παρῆν,
515 2520 644 2596 βασιλεῖ
664 2540 702 2583 τε
724 2514 777 2582 ἐπί
799 2529 893 2601 χεῖρα
916 2511 995 2595 δούς
1017 2507 1114 2602 ἠξίου
1134 2517 1320 2600 διαγνῶναι
1341 2509 1385 2582 τά
1407 2514 1667 2603 ἐγγεγραμμένα·

354 2608 441 2700 τάχα
464 2640 532 2683 που
554 2616 692 2695 ἐλπίσας
714 2619 788 2682 τῶν
808 2616 856 2693 εἰς
877 2606 985 2682 αύτόν
1006 2614 1185 2701 ἐγκωμίων
1208 2607 1309 2700 χάριν
1334 2606 1439 2694 αύτός
1464 2616 1527 2700 μέν
1553 2631 1668 2702 τυχεῖν

354 2719 543 2801 προνομίας
565 2717 626 2801 τῆς
647 2707 726 2799 παρ’
749 2707 843 2801 αύτῷ
867 2716 918 2799 τῷ
940 2719 1079 2797 βασιλεῖ,
1111 2712 1191 2794 τούς
1218 2706 1295 2781 5’‘
1273 2706 1330 2781 υπ’
1352 2706 1461 2782 αύτοῦ
1480 2740 1667 2804 κακηγορη-

356 2815 482 2893 θέντας
503 2809 709 2893 ἐπισκόπους
729 2808 971 2900 ὑποβληθῆναι
993 2817 1144 2929 τιμωρίη.
1176 2807 1218 2885 05
1230 2806 1298 2900 μῆν
1318 2840 1384 2883 κατ
1384 2807 1613 2896 ’ἐλκίδας’
1569 2821 1665 2904 αυτῷ
1684 2823 1718 2877 31

354 2908 399 2980 τά
421 2914 484 2999 τῆς
500 2907 667 2995 ἐκβάσεως
681 2906 881 2999 προύχῶρει.
910 2907 993 2992 θεός
1007 2908 1070 2999 γάρ
1085 2901 1128 2998 ῆν
1150 2905 1170 2980 5
1193 2908 1331 2982 τούτων
1352 2909 1470 3001 κριτὴς
1490 2919 1546 2983 καὶ
1561 2909 1667 2998 αύτὸς

303 3017 337 3073 25
356 3006 504 3096 Χριστὸς
529 3005 664 3132 Ἰησοῦς,
696 3004 715 3080 ὁ
745 3008 832 3098 πρὸς
864 3014 927 3081 τοῦ
956 3015 1175 3098 συγγραφέως
1205 3004 1450 3099 άθετούμενος,
1482 3006 1520 3094 ῦς
1551 3012 1592 3102 δὴ
1623 3015 1669 3086 τὰ

353 3106 481 3196 κρύφια
501 3114 565 3180 τοῦ
586 3106 710 3232 ἀνδρὸς
731 3115 898 3199 συνορῶν,
921 3103 1028 3180 αῦτὸν
1042 3104 1149 3180 αὑτοῦ
1166 3108 1361 3200 κατήγορον
1375 3103 1444 3200 άμα
1457 3118 1513 3183 καί
1528 3114 1667 3202 ἔλεγχον

354 3206 499 3296 μηδενός
521 3207 789 3293 συνελαύνοντος
810 3217 986 3298 γίγνεσθαι
1007 3205 1260 3297 παρεσκεύαζεν.
1303 3204 1388 3282 όθεν
1411 3205 1431 3283 5
1452 3239 1515 3301 μεν
1536 3216 1592 3284 ἐπὶ
1614 3221 1667 3304 τῷ

354 3304 584 3397 συγγράμματι
606 3304 906 3397 καλλωπιζόμενος
928 3314 1057 3391 βασιλεῖ
1076 3306 1227 3396 προσῆει,
1250 3338 1269 3379 ο
1259 3303 1385 3381 ι’δὲ
1341 3338 1384 3399 τη
1406 3306 1542 3402 συνόδῳ
1565 3340 1667 3400 παρε·

355 3411 451 3478 δίδου
472 3406 537 3495 τῆν
558 3404 722 3496 διάκρισιν
744 3413 818 3478 τῶν
840 3410 1126 3496 ἐγγεγραμμένων,
1149 3403 1217 3497 ἡδ’
1233 3403 1311 3530 άγία
1331 3417 1396 3482 τοῦ
1417 3417 1503 3483 θεοῦ
1524 3410 1669 3496 σύνοδος

303 3512 338 3567 30
356 3500 579 3596 ἀπεδοκίμαζε
563 3504 642 3578 ετὸ
664 3503 806 3596 γράμμα,
829 3499 1024 3590 εἰκότως,
1005 3535 1060 3579 οτι
1081 3505 1167 3598 μήτε
1187 3504 1294 3597 άρχῆν
1316 3505 1402 3598 μήτε
1423 3515 1523 3645 τέλος
1537 3507 1668 3595 εύσεβὲς

355 3600 516 3695 ὁμολογεῖ
536 3634 599 3677 του
584 3609 696 3677 ὐίοῦ
718 3610 782 3677 τοῦ
803 3611 896 3677 θεοῦ

441 3774 710 3845 15v31.s.80,18

441 3920 520 3995 δέν]
538 3932 571 3990 -Ι-
589 3924 648 3998 τῷῖ
674 3928 680 3994 Ι
706 3926 746 3982 24
764 3922 926 3999 προύχώρει
939 3926 975 3980 Κ]
993 3926 1184 3997 προχωρεῖν
1211 3929 1215 3995 Ι
1242 3930 1281 3984 26
1298 3925 1423 3985 a5to5V
