3674 5506
356 474 417 537 204
939 466 1072 524 Eusebius

440 636 486 691 Nr.
497 639 530 693 87
543 637 592 702 (Re
603 639 645 705 77)
665 647 855 709 συνηγορήσαι
872 636 927 707 γὰρ
945 639 1095 707 βουληθείς
1110 645 1151 708 τῷ
1169 641 1220 707 τήν
1238 634 1388 707 ἐπιστολὴν
1405 644 1502 703 κακῶς
1519 637 1658 709 γράψαντι

356 719 494 794 Εὐσεβίφ,
522 727 659 792 πρῶτον
684 722 746 791 μὲν
765 720 1072 787 οόδιδασκαλικῶς
1090 722 1300 790 ἀναπτύξας,
1328 718 1393 793 ἔφη,
1420 724 1458 779 τό
1476 725 1584 792 δόγμα
1601 727 1658 793 τήν

355 803 540 875 ἐπιστολήν
568 807 765 874 συνέταξεν,
795 805 835 862 οδ
860 807 924 878 γάρ
953 805 1040 879 πρός
1064 810 1123 877 τήν
1153 806 1337 877 ἐκκλησίαν
1365 807 1442 865 οὐδὲ
1469 805 1554 879 πρὸς
1581 808 1659 873 τοὺς

356 887 572 962 ἀγνοοῦντας
590 890 749 963 ἐγίγνετο
772 891 809 948 τό
828 891 970 963 γράμμα
992 888 1077 948 άλλδι
1095 891 1183 963 πρός
1201 891 1261 948 τόν
1279 890 1454 964 μακάριον
1474 894 1657 959 Παυλῖνον,

322 974 501 1050 δμακάριον
526 974 613 1032 αὐτόν
639 975 685 1033 διά
707 984 793 1032 τοῦτο
812 972 913 1043 εἰπών,
940 970 985 1030 δτι
1002 980 1053 1045 τὴν
1079 976 1166 1046 αάτήν
1192 972 1268 1047 εἶχεν
1286 974 1412 1051 Ἀστερίην
1430 976 1525 1043 δόξαν.
1561 975 1658 1033 οὐκοῦν

355 1059 506 1133 ἐπειδήπερ
535 1061 614 1127 τοὺς
643 1060 867 1131 σοφωτάτους
893 1059 1048 1132 πατέρας
1074 1055 1214 1130 Ἀστερίον
1244 1064 1466 1132 μεμαθήκαμεν,
1499 1060 1658 1118 ἀκόλουθον

355 1144 478 1216 ἡγοῦμαι
495 1144 587 1215 λέγειν
605 1148 654 1212 καλ
670 1145 721 1201 τόν
740 1147 883 1203 Πανλίνου
904 1163 934 1201 τε
951 1147 1074 1202 καὶτῶν
1097 1141 1191 1201 άλλων
1212 1148 1370 1216 γενόμενον
1391 1144 1569 1202 διδάσκαλον.
1603 1145 1658 1203 ἀπό

355 1229 411 1303 γάρ
441 1240 490 1299 τῆς
519 1231 663 1286 Πανλίνου
689 1227 839 1298 ἐπιπολῆς
865 1228 881 1284 ό
907 1227 1042 1286 κάκείνου
1067 1230 1234 1297 διδάσκαλος
1259 1227 1387 1303 γεγονὼς
1416 1225 1531 1299 εδδηλος
1559 1226 1660 1302 γένοιτ’

355 1309 483 1383 ἀνήμϊν.

304 1473 337 1526 10
439 1465 485 1520 Nr.
503 1466 537 1520 88
555 1466 604 1534 (Re
622 1468 664 1535 78)
682 1468 777 1522 καίτοι
794 1464 822 1522 εἰ
837 1467 882 1521 δεῖ
895 1464 1017 1535 τάληθές
1039 1465 1105 1535 περί
1121 1459 1279 1537 Ὠριγένους
1296 1464 1399 1531 εἰπεῖν,
1421 1474 1506 1522 τοῦτο
1526 1471 1659 1540 προσήκει

354 1548 458 1619 λέγειν,
485 1545 529 1605 ότι
551 1544 616 1622 άρτι
633 1556 691 1606 τῶν
707 1549 781 1606 κατὰ
799 1551 972 1620 φιλοσοφίαν
994 1547 1122 1615 ἀποστάς
1138 1547 1331 1617 μαθημάτων,
1348 1552 1397 1605 καί
1414 1558 1476 1616 τοῖς
1492 1553 1584 1617 θείοις
1601 1550 1659 1621 ὁμι-

353 1638 436 1702 λῆσαι
454 1635 649 1705 προελόμενος
665 1635 763 1705 λόγοις
780 1633 838 1706 πρό
856 1645 905 1702 της
917 1632 1051 1707 ἀκριβοῦς
1062 1639 1118 1688 τῶν
1131 1640 1250 1704 γραφῶν
1266 1637 1462 1705 καταλήψεως,
1480 1634 1527 1691 διὰ
1545 1637 1577 1692 τό
1590 1636 1660 1692 πολὺ

354 1721 403 1776 καί
421 1719 570 1789 φιλότιμον
588 1726 637 1788 τῆς
655 1714 762 1786 ἔξωθεν
780 1718 952 1784 παιδεύσεως
969 1723 1076 1774 θᾶττον
1087 1726 1139 1773 τοῦ
1150 1717 1265 1784 δέοντος
1276 1716 1437 1789 ἀρξάμενος
1448 1715 1526 1789 [ὑπο]
1539 1719 1657 1791 γράφειν

354 1801 410 1860 ὑπό
428 1812 485 1860 τῶν
502 1810 552 1872 τῆς
568 1805 741 1874 φιλοσοφίας
758 1806 891 1873 παρήχθη
909 1802 1011 1874 λόγων,
1029 1803 1079 1858 καί
1094 1822 1157 1859 τινα
1174 1798 1209 1858 δι’
1226 1801 1329 1869 αὐτοὺς
1347 1802 1382 1859 οὐ
1398 1808 1493 1870 καλῶς
1511 1803 1659 1877 γέγραφεν.

304 1894 337 1947 15
354 1891 439 1959 δῆλον
456 1887 497 1944 δέ·
516 1884 557 1944 έτι
575 1886 630 1961 γάρ
648 1895 706 1944 τῶν
725 1886 878 1952 Πλάτωνος
894 1885 1075 1955 μεμνημένος
1092 1886 1255 1957 δογμάτων,
1272 1889 1322 1944 καί
1339 1894 1388 1956 τῆς
1405 1895 1462 1943 τῶν
1479 1884 1577 1958 ἀρχῶν
1594 1884 1660 1958 παρ’

355 1972 431 2046 αὐτῷ
449 1976 600 2044 διαφορᾶς,
628 1972 718 2027 ΠΕΡΙ
739 1972 876 2027 ΑΡΧΩΝ
896 1972 1040 2043 γέγραφεν
1056 1973 1179 2045 βιβλίον,
1204 1974 1253 2027 καί
1281 1971 1386 2041 ταύτην
1403 1980 1443 2046 τῷ
1462 1971 1659 2044 συγγράμματι

353 2062 404 2127 τήν
422 2056 581 2129 ἐπιγραφήν
600 2051 692 2112 ἔθετο.
727 2058 828 2127 δεῖγμα
854 2056 884 2112 δέ
909 2055 1012 2112 τοίτου
1037 2056 1173 2125 μέγιστον
1197 2058 1230 2113 τδ
1256 2056 1327 2125 μηδέ
1353 2052 1478 2113 ἄλλοθέν
1501 2060 1593 2114 ποθεν
1609 2060 1659 2126 τήν

353 2138 443 2213 ἀρχήν
460 2148 518 2197 τῶν
535 2140 639 2207 λέξεων
657 2139 745 2196 αότόν
764 2140 780 2210 ή
797 2144 849 2211 τήν
872 2137 1031 2212 ἐπιγραφήν
1049 2148 1100 2197 τοτ’·
1116 2141 1227 2213 βιβλίου
1244 2143 1427 2210 ποιήσασθαι,
1445 2134 1511 2197 ἀλλ’
1529 2140 1586 2198 ἀπό
1603 2148 1658 2198 τῶν

352 2224 484 2282 Πλάτωνι
502 2225 659 2294 λεχθέντων
677 2222 824 2296 ῥημάτων·
854 2226 998 2297 γέγραφεν
1020 2225 1076 2295 γὰρ
1101 2223 1261 2294 ἀρχόμενος
1287 2220 1389 2289 σίτως·
1420 2222 1452 2280 οἰ
1479 2243 1658 2282 πεπιστεν·

301 2311 526 2376 2οκότεςκαλ
543 2309 780 2379 πεπεισμένοι.
812 2318 896 2366 τοῖτο
925 2310 984 2375 (τό)
1012 2307 1099 2380 ῥητόν
1125 2304 1215 2374 οίίτως
1237 2306 1387 2380 εἰρημένον
1405 2304 1500 2381 είίροις
1519 2306 1555 2365 άν
1572 2307 1601 2366 ἐν
1618 2317 1656 2383 τῷ

353 2395 460 2471 Γοργίᾳ
480 2394 640 2461 Πλάτωνος.

437 2546 483 2601 Nr.
502 2548 535 2601 89
553 2547 602 2613 (Re
620 2550 663 2611 111)
691 2543 761 2613 ἀξιῶ
783 2543 813 2601 δὲ
835 2543 901 2611 τοὺς
923 2541 1146 2615 ἐντυγχάνοντας
1163 2550 1221 2598 τῶν
1238 2540 1340 2614 ἁγίων,
1368 2539 1494 2614 ίοσπερεί
1514 2544 1657 2617 σπέρματα

351 2631 400 2685 καί
418 2627 508 2701 ἀρχάς
525 2633 606 2698 τῆσδε
625 2636 674 2698 τῆς
691 2627 848 2701 ἐξηγήσεως
871 2631 986 2700 ἀληθῶς
1003 2628 1166 2697 εἰληφότας,
1192 2629 1325 2692 πλείονας
1351 2624 1510 2696 ἀποδείξεις
1527 2634 1657 2701 προσθεῖ-

351 2734 399 2769 ναι
425 2722 484 2780 τοῖς
510 2713 681 2787 εἰρημένοις.
707 2708 782 2771 ὥστε
800 2709 841 2771 ἔτι
856 2718 966 2783 μᾶλλον
985 2712 1035 2779 τὰς
1051 2719 1108 2769 τῶν
1126 2713 1211 2783 [περί]
1238 2716 1289 2781 τήν
1314 2714 1407 2768 πίστιν
1433 2714 1657 2785 διαστρεφόντων

300 2799 334 2853 25
351 2796 519 2868 ἐλέγχεσθαι
545 2798 731 2871 προαιρέσεις.
768 2794 857 2863 όντως
883 2797 937 2869 γὰρ
964 2796 1034 2853 θεόν
1052 2795 1102 2852 τόν
1125 2799 1300 2867 γεννήσαντα
1322 2795 1425 2863 αὐτοὺς
1452 2796 1656 2867 νέγκατέλιπον,

350 2885 399 2939 καί
417 2878 529 2953 ὤρυξαν
547 2878 658 2948 ἑαυτοῖς
674 2882 797 2948 λάκκους
815 2881 1089 2954 συντετριμμένονςι.

436 3034 482 3087 Nr.
492 3034 527 3088 90
538 3033 588 3099 (Re
600 3036 643 3097 80)
655 3031 818 3089 ἀκόλουθον
836 3034 959 3104 ἡγοῦμαι
975 3031 1084 3106 βραχέα
1101 3034 1150 3087 καί
1167 3034 1233 3101 περὶ
1249 3038 1298 3100 τῆς
1309 3029 1421 3097 εἰκόνος
1432 3031 1533 3089 εἰπεῖν.
1560 3031 1656 3103 γέγρα-

352 3137 404 3186 φεν
417 3115 485 3188 γάρ·
503 3113 606 3182 ἄλλος
623 3118 657 3173 δέ
675 3113 799 3173 ἐστινό
817 3115 853 3185 ἐξ
870 3116 1180 3188 αὐτοῦγεννηθείς,
1202 3112 1253 3180 »ός
1270 3114 1363 3172 ἐστιν
1381 3114 1486 3173 εἰκὼν
1505 3120 1656 3172 τοῦθεοῦ

350 3211 413 3258 τοῦ
431 3199 608 3273 ἀοράτοιν.
644 3201 757 3267 εἰκόνος
773 3200 818 3258 διὰ
837 3209 922 3258 τοῦτο
940 3199 1080 3271 μέμνηται
1097 3205 1169 3256 θεοῦ
1187 3199 1314 3272 ἀοράτου
1332 3194 1478 3271 Ἀστέριος,
1495 3198 1545 3257 ίνα
1562 3208 1655 3257 τοσοῦ·

299 3290 334 3344 30
350 3306 401 3343 τον
418 3285 470 3343 τόν
487 3288 558 3343 θεόν
575 3293 626 3341 τοῦ
643 3287 730 3356 λόγον
748 3284 893 3357 διαφέρειν
911 3284 1013 3354 διδάξη,
1033 3281 1103 3340 ίίσον
1121 3287 1170 3340 καί
1188 3280 1345 3355 ἄνθρωπος
1362 3291 1411 3353 τῆς
1428 3280 1532 3342 ἑαυτοῦ
1549 3284 1657 3348 εἰκόνος

350 3370 493 3443 διαφέρειν
510 3373 596 3427 δοκεῖ.

435 3507 480 3561 Nr.
493 3510 524 3562 91
544 3507 595 3575 (Ra
606 3508 637 3561 81
652 3532 685 3548 =
696 3507 740 3573 43)
758 3506 803 3561 διὰ
820 3513 905 3561 τοῦτο
924 3503 1043 3570 εἰκότως
1060 3501 1187 3575 ἐπιφέρει
1207 3499 1254 3569 »ός
1272 3502 1347 3560 ἐστιν
1363 3503 1450 3562 εἰκὼν
1462 3513 1515 3561 τοῦ
1527 3508 1597 3561 θεοῦ
1607 3510 1655 3559 τοῦ

350 3587 503 3662 ἀοράτονι.
539 3590 609 3647 πότε
627 3589 785 3660 γενόμενος
802 3587 888 3647 εἰκὼν
905 3587 922 3657 ή
941 3586 1064 3658 δπηνίκα
1081 3588 1114 3644 τό
1141 3582 1219 3644 »κατ’
1237 3586 1335 3645 εἰκόνα
1352 3592 1401 3646 καί
1418 3584 1488 3645 καθ’
1505 3588 1652 3657 όμοίωοινι

350 3674 502 3745 ἀνείληφεν
519 3673 651 3743 πλάσμα,·
670 3674 815 3745 πρότερον
833 3672 898 3745 γάρ,
916 3667 1014 3744 ὥσπερ
1027 3671 1163 3737 πολλάκις
1181 3666 1261 3742 ἔφην,
1279 3670 1360 3728 οἰδὲν
1372 3668 1472 3746 ἕτερον
1486 3670 1520 3742 ἦν
1536 3673 1654 3742 ήλόγος.

435 3827 515 3881 1-9
540 3826 587 3889 20,
606 3826 719 3892 32-21,
739 3826 758 3878 6
780 3856 810 3863 -
834 3825 964 3880 10-21
990 3825 1035 3887 22,
1053 3824 1168 3884 29-23,
1186 3824 1222 3876 13
1246 3854 1280 3863 -
1308 3826 1439 3880 22-«26
1464 3826 1510 3887 24,
1529 3824 1601 3876 3-8
1625 3851 1655 3859 -

350 3894 476 3951 27-31
507 3896 553 3957 24,
581 3894 679 3945 11-16
708 3924 741 3932 -
773 3893 906 3947 32-34
932 3892 975 3957 48,
993 3892 1113 3952 23-26;
1149 3892 1198 3946 34
1225 3890 1388 3963 (πρότερον)
1420 3921 1452 3931 -
1486 3891 1590 3962 (λόγος)
1615 3890 1654 3953 35,

349 3964 458 4015 15-16.
493 3962 530 4022 79,
548 3961 667 4015 22-23.
703 3962 755 4028 111,
775 3962 849 4013 8-9.
876 3960 925 4028 νηί.
946 3961 991 4023 84,
1009 3959 1123 4011 26-27

380 4142 384 4147 ,
438 4098 452 4150 7
473 4095 528 4164 vgl.
542 4094 638 4150 Nr.34.
652 4096 686 4151 86
704 4126 736 4134 -
757 4097 795 4151 Ιθ
808 4094 940 4164 Origenes
952 4094 987 4149 δε
1001 4093 1086 4165 prino.
1098 4094 1207 4217 Ιὲνεεεί.
1226 4125 1259 4132 -
1278 4095 1315 4175 21
1336 4094 1438 4150 Platon
1451 4095 1535 4164 Gorg.
1547 4089 1652 4174 4511)ss

350 4164 601 4297 νὲρὲλθιέίέεοιγθρἓθ,
620 4165 652 4217 12
671 4182 696 4217 u.
717 4166 800 4217 14-
819 4164 857 4217 ‘25
877 4163 930 4218 Jer.
949 4166 973 4228 2,
993 4163 1112 4216 13-2
1162 4161 1221 4216 Κοί.
1242 4164 1264 4229 1,
1284 4165 1315 4216 1ο
1334 4192 1367 4200 -
1386 4164 1424 4219 112
1451 4161 1514 4215 ΚοΙ.
1533 4166 1556 4226 1,
1575 4165 1605 4215 Ιο
1621 4186 1652 4197 -

436 4368 453 4421 2
482 4359 614 4486 έφηὶέηί
631 4356 649 4435 ή
667 4365 692 4417 V
725 4366 729 4433 Ι
763 4366 781 4419 5
808 4366 859 4433 τήν
886 4362 972 4432 αὐτήν
991 4407 997 4419 .
1017 4406 1022 4418 .
1041 4363 1187 4487 δόξανὲτδ
1206 4361 1276 4419 αὐτό
1295 4403 1301 4416 .
1320 4408 1326 4419 .
1345 4364 1438 4434 δόγμα
1456 4376 1498 4418 mr
1525 4364 1530 4429 Ι
1562 4361 1642 4426 δόξαν

351 4435 458 4489 δεονιοί]
485 4434 577 4488 Liice
603 4434 649 4488 Mo
676 4434 715 4487 Re
747 4434 752 4495 Ι
785 4435 824 4489 18
852 4432 972 4505 γράφειν
998 4432 1037 4485 Re
1068 4432 1073 4497 Ι
1107 4432 1122 4487 l
1171 4438 1256 4486 τοτ’το
1276 4432 1312 4498 V,
1340 4449 1410 4488 corr.
1436 4431 1475 4485 Re
1506 4433 1511 4497 Ι
1544 4431 1583 4485 20
1606 4445 1641 4481 κα

350 4499 567 4568 πεπιστειμένοι
586 4502 622 4566 λ’,
650 4518 718 4554 corr.
737 4501 811 4554 Zahn
844 4505 847 4568 Ι
880 4500 913 4556 τό
941 4518 967 4552 m
1000 4501 1003 4566 Ι
1040 4500 1079 4554 24
1105 4500 1172 4569 περί
1189 4509 1222 4558 <
1246 4516 1260 4551 r
1291 4502 1295 4563 Ι
1328 4496 1555 4568 διαστραφέντων
1580 4496 1651 4579 Ζεάιρ

350 4572 412 4635 (mih
430 4571 505 4635 περὶ)
524 4569 594 4623 doch
613 4569 667 4637 τρὶ.
686 4568 815 4636 Register
846 4572 850 4633 1
883 4570 922 4624 28
949 4568 1029 4635 θεοῦ]
1057 4574 1088 4629 ή-
1115 4573 1166 4622 tos·
1193 4585 1220 4620 m
1252 4571 1256 4633 Ι
1289 4568 1329 4624 34
1356 4566 1411 4638 γάρ
1429 4577 1462 4626 <
1481 4564 1571 4631 111,θ
1601 4566 1604 4628 Ι
1634 4580 1649 4627 η

351 4636 437 4704 λόγος
455 4634 488 4703 ἦν
506 4637 546 4699 35,
569 4640 598 4689 16
631 4652 635 4703 ι
668 4634 695 4704 ἢ]
714 4634 730 4691 ό
752 4638 790 4689 λ’*
810 4641 866 4699 111,
886 4640 926 4697 19,
945 4653 1013 4690 corr.
1033 4635 1071 4686 1¹2
