3698 5510
571 498 605 554 de
622 499 808 556 aeclesiastica
824 497 966 566 theologia
983 497 1008 550 11
1027 499 1050 552 7.
1068 498 1094 553 8.
1428 497 1487 559 107

179 657 245 734 εἶθ’
270 655 323 734 ότι
344 666 428 751 μηδὲ
449 667 645 752 γεγέννηται
667 667 704 733 ἐκ
725 659 942 752 τοῦπατρὸς
964 656 983 730 6
1006 656 1106 748 λόγος
1127 655 1292 747 παριστὰς
1308 648 1375 727 ὦδε
1397 660 1485 743 λέγει
1517 673 1535 727 2

177 761 262 849 πρὸς
283 767 374 849 λέξιν

239 865 309 948 (Nr.
332 856 427 947 28)‘
407 890 427 932 ο
450 868 571 933 τοίνυν
587 858 680 985 ἱερός
702 856 896 945 ἀπόστολος
917 868 974 932 καὶ
995 859 1153 950 μαθητὴς
1168 886 1231 930 του
1216 864 1363 946 ’κυρίου
1376 851 1486 926 '1666-

238 989 299 1083 νης
328 956 524 1050 ἀιδιότητος
555 958 660 1032 αύτοῦ
676 960 914 1082 μνημονεύων
945 955 1077 1049 ἀληθὴς
1107 964 1258 1047 ἐγίγνετο
1290 962 1353 1028 τοῦ
1382 951 1487 1044 λόγου

145 1072 161 1125 5
236 1058 429 1149 μόρτος,
415 1056 514 1131 ε’ἐν
494 1068 578 1181 αρχη
601 1051 645 1150 ἦν
667 1056 686 1132 6
709 1057 827 1151 λόγοςι
861 1064 1006 1149 (λέγων)
1041 1055 1163 1130 ›xaz‘
1145 1089 1163 1130 ο
1196 1055 1296 1145 λόγος
1327 1047 1370 1145 ἦν
1399 1052 1486 1143 πρὸς

236 1159 302 1231 τόν
324 1156 416 1243 θεόν,
440 1165 495 1230 καί
517 1158 600 1244 θεὸς
622 1152 664 1249 ἦν
687 1158 705 1232 6
729 1159 859 1250 46yoc‹‚
882 1157 982 1232 σύδέν
1004 1164 1165 1249 γενέσεως
1187 1161 1339 1228 ἐνταῦθα
1361 1181 1485 1244 μνημο

236 1257 349 1331 νεύων
369 1264 433 1331 τοῦ
454 1256 568 1349 λόγου.

175 1352 268 1430 σῦτω
293 1357 333 1448 66
356 1356 420 1431 τόν
440 1357 517 1430 υἱόν
538 1365 601 1429 τοῦ
623 1365 709 1431 θεοῦ
731 1356 948 1449 ἀρνούμενος,
971 1355 1034 1429 τὸν
1056 1362 1093 1428 έν
1115 1363 1166 1446 τῷ
1190 1361 1263 1444 θεῷ
1279 1351 1485 1444 λόγονποτέ

173 1465 235 1547 μὲν
257 1462 359 1530 ἔνδον
381 1459 467 1530 εἶναι
488 1462 526 1529 ἐν
547 1465 598 1549 τῷ
622 1465 695 1548 θεῷ
717 1460 864 1545 ἔφασκεν
885 1465 973 1529 ποτέ
995 1463 1030 1529 δέ
1052 1463 1207 1545 προϊέναι
1229 1460 1294 1526 τοῦ
1312 1459 1405 1537 θεοῦ,
1426 1461 1483 1523 καί

129 1570 158 1625 10
174 1557 301 1630 ἄλλοτε
322 1555 427 1630 πόλιν
451 1554 715 1649 ἀναδραμεῖσθαι
741 1563 788 1642 είς
815 1557 879 1630 τόν
906 1555 992 1629 θεὸν
1012 1563 1069 1629 καί
1091 1558 1225 1627 ἔσεσθαι
1247 1557 1284 1624 ἐν
1306 1551 1411 1644 αύτῷ,
1434 1549 1482 1634 οός
1516 1572 1533 1626 3

172 1664 227 1729 καὶ
259 1654 433 1746 πρότερον
465 1649 515 1747 ἦν.
567 1655 758 1730 ἐπάκουσον
787 1653 820 1728 6'
852 1651 949 1741 ὅπως
979 1664 1087 1729 ταῦτα
1119 1662 1207 1745 λέγει
1237 1651 1375 1734 τούτοις
1410 1669 1483 1734 τοῖς

172 1755 316 1848 ῥήμασιν

233 1860 306 1943 (Nr.
331 1863 400 1943 108)
428 1863 502 1927 νυνὶ
524 1862 561 1928 δὲ
581 1855 731 1928 πιστεύω
758 1876 832 1941 ταῖς
855 1863 964 1940 θείαις
990 1874 1147 1945 γραφαῖς,
1179 1847 1234 1926 ότι
1263 1854 1311 1936 είς
1342 1847 1362 1924 6
1392 1849 1483 1934 θεός.

232 1952 332 2027 καί
314 1986 333 2027 ο
356 1955 484 2029 τούτου
512 1953 613 2046 λόγος
643 1962 820 2046 προῆλθεν
850 1964 912 2047 μὲν
942 1963 1005 2028 τοῦ
1029 1952 1174 2043 πατρός,
1206 1957 1261 2025 ἵνα
1291 1950 1405 2025 πάντα
1436 1948 1481 2023 δι’

233 2051 343 2127 αύτοῦ
373 2062 521 2145 γένηται·
547 2056 631 2146 μετὰ
654 2060 690 2128 δὲ
720 2056 785 2129 τόν
815 2055 935 2146 καιρὸν
966 2062 1026 2145 τῆς
1054 2062 1196 2142 κρίσεως
1225 2062 1282 2126 καί
1313 2053 1378 2143 τὴν
1409 2059 1482 2122 τῶν

233 2150 404 2228 ἀπόντων
426 2153 611 2246 διόρθωσιν
631 2164 688 2228 καὶ
710 2156 774 2229 τόν
796 2153 989 2246 ἀφανισμόν
1011 2160 1073 2243 τῆς
1094 2150 1326 2244 ἀντικειμένης
1349 2148 1482 2241 ἀπάσης

232 2258 415 2344 ἐνεργείας,
446 2261 503 2330 65¹
528 2255 628 2330 »τότε
658 2254 761 2341 αύτός
790 2253 1043 2345 ῦποταγὴσεται
1068 2261 1120 2345 τῷ
1147 2250 1359 2340 ύποτάξαντι
1386 2249 1481 2342 αύτῷ

232 2353 278 2426 τὰ
300 2351 432 2426 πάντα(
466 2364 557 2447 »θεῷ
583 2362 639 2427 καὶ
665 2364 805 2446 πατρία,
836 2351 877 2427 ἵν’
911 2347 1022 2437 ούτως
1053 2348 1134 2442 ᾖέν
1156 2361 1208 2443 τηῦ
1230 2358 1304 2442 θεῷ
1327 2346 1346 2422 6
1370 2348 1481 2441 λόγος,

232 2451 349 2542 ὥσπερ
369 2453 619 2545 καὶπρότερον
642 2448 685 2576 66
708 2455 774 2545 πρό
796 2462 860 2529 τοῦ
881 2453 946 2525 τὸν
967 2450 1097 2574 κόσμον
1119 2456 1213 2525 εἶναι.
1255 2450 1394 2535 οὐδενός
1417 2451 1480 2541 γὰρ

232 2547 338 2637 ὄντος
367 2550 539 2676 πρότεροη
560 2552 582 2645 6
604 2563 668 2628 τοῦ
689 2563 774 2628 θεοῦ
802 2551 923 2647 μόνου,
954 2551 1101 2626 πάντων
1131 2558 1167 2624 δέ
1197 2550 1251 2623 διὰ
1282 2558 1345 2623 τοῦ
1375 2548 1481 2671 λόγου

230 2660 409 2744 γίγνεσθαι
430 2652 638 2743 μελλόντων,
659 2661 839 2744 προῆλθεν
861 2650 880 2726 6
903 2650 1005 2743 λόγος
1021 2658 1182 2741 δραστικῇ
1197 2657 1354 2742 ἐνεργείᾳ,
1378 2647 1479 2739 λόγος

230 2757 297 2824 τοῦ
317 2751 448 2841 πατρὸς
470 2751 528 2825 ὤν.

168 2857 221 2921 καί
243 2847 351 2923 πόλιν
373 2850 438 2942 τὴν
458 2850 566 2942 αύτὴν
588 2850 742 2925 διάνοιαν
764 2851 969 2939 λευκότερον
990 2858 1127 2941 τίθησιν
1150 2842 1217 2923 οόδε
1238 2848 1380 2941 γράφων
1509 2878 1528 2931 4

230 2955 301 3039 (Nr.
316 2960 369 3038 54)
356 2951 458 3041 )πρό
479 2951 543 3043 γὰρ
565 2982 628 3025 του
612 2951 713 3025 τόν
733 2949 863 3042 κόσμον
884 2954 969 3023 είναι
995 2943 1038 3042 ἦν
1063 2948 1082 3024 6
1110 2948 1210 3040 λόγος
1230 2954 1268 3023 ἐν
1289 2958 1340 3042 τῷ
1363 2956 1477 3038 πατρί

124 3059 154 3115 25
232 3055 236 3141 Ι
262 3044 323 3122 ὅτε
344 3057 381 3122 δέ
402 3046 421 3122 6
444 3049 697 3141 παντοκράτωρ
724 3051 806 3135 θεὸς
831 3049 945 3123 πάντα
971 3050 1015 3124 τό
1042 3080 1080 3124 τε
1106 3057 1144 3123 ἐν
1165 3048 1324 3141 ούρανοῖς
1345 3056 1401 3120 καί
1422 3053 1477 3119 ἐπὶ
1498 3068 1555 3124 11⁸

230 3158 292 3242 766
327 3158 499 3241 προέθετο
530 3157 681 3241 ποιῆσαι,
711 3157 879 3241 ἐνεργείας
910 3148 931 3242 6
960 3159 1023 3224 τοῦ
1052 3149 1181 3242 κόσμου
1211 3157 1339 3241 γένεσις
1369 3154 1477 3220 ἐδεῖτο

230 3258 424 3343 δραστικῆς·
445 3258 502 3322 καί
524 3248 578 3323 διὰ
601 3258 717 3336 τοῦτο,
739 3250 882 3341 μηδενός
897 3244 999 3335 όντος
1015 3254 1133 3341 ἑτέρου
1147 3251 1238 3340 πλὴν
1253 3255 1336 3321 θεοῦ
1351 3244 1478 3334 (πάντα

229 3350 294 3439 γὰρ
317 3345 532 3439 ὁμολογεῖται
552 3345 610 3422 ύπ’
633 3348 739 3423 αύτσῦ
760 3356 988 3440 γεγενῆσθαι),
1021 3349 1101 3423 τότε
1124 3346 1142 3423 6
1165 3349 1267 3439 λόγος
1290 3346 1477 3437 προελθοόν

230 3454 362 3539 ἐγίνετο
385 3455 448 3521 τοῦ
468 3446 597 3539 κόσμου
617 3447 773 3540 ποιητής,
795 3445 814 3521 6
838 3458 894 3521 καί
915 3447 1088 3541 πρότερον
1109 3453 1210 3523 ένδον
1233 3454 1369 3538 νοητῶς
1391 3447 1477 3517 ἑτοι-

124 3560 154 3615 30
229 3546 349 3637 μάςων
370 3545 486 3669 αύτόν.

169 3653 221 3717 καί
244 3640 345 3732 αὖθις
366 3647 449 3738 μετὰ
471 3644 586 3720 πάντα
602 3654 758 3773 ἐπιφέρει
781 3654 892 3739 λέγων
1509 3669 1527 3723 6

230 3751 301 3834 (Nr.
323 3754 376 3837 34)
396 3755 450 3818 καί
475 3746 530 3820 διὰ
553 3755 659 3821 τοῦτο
682 3746 743 3841 σύγ
764 3747 841 3821 υίὸν
862 3750 973 3821 θεσῦ“
961 3747 1086 3820 εαυτόν
1101 3744 1266 3837 όνομόζει,
1290 3744 1379 3869 ἀλλὰ
1392 3773 1475 3816 παν

231 3853 338 3934 ταχοῦ
366 3846 443 3919 υίὸν
473 3845 666 3937 ἀνθρωπου
695 3848 818 3921 ἑαυτὸν
840 3854 940 3937 λέγει,
972 3849 1027 3918 ίνα
1054 3846 1108 3973 διό
1131 3855 1192 3937 τῆς
1214 3845 1376 3936 τοιαύτης
1398 3840 1477 3935 όμο-

231 3954 348 4035 λογίας
370 3953 461 4019 θέσει
483 3946 547 4019 τόν
568 3947 762 4072 ἀνθρωπην
784 3947 838 4021 διὰ
868 3955 931 4039 τῆς
956 3946 1043 4035 πρός
1066 3945 1173 4020 αύτόν
1194 3954 1378 4030 κοινωνίας
1400 3942 1477 4017 υίόν

125 4054 155 4110 ³6
232 4052 318 4118 θεοῦ
352 4052 509 4136 γενέσθαι
544 4046 780 4136 παρασκευάση
816 4055 871 4119 καί
901 4048 987 4138 μετὰ
1022 4045 1063 4118 τό
1101 4053 1200 4130 τέλος
1231 4051 1291 4135 τῆς
1321 4041 1477 4135 πράξεως

254 4216 272 4272 6
298 4216 360 4272 Joh.
382 4220 407 4285 1,
430 4222 444 4272 1
474 4249 507 4257 -
535 4219 570 4274 17
600 4219 699 4273 IKor.
717 4223 757 4283 15,
776 4220 818 4275 28.
835 4220 869 4274 24
896 4248 929 4257 -
957 4218 1018 4274 284
1042 4218 1099 4287 vgl.
1118 4218 1143 4272 S.
1164 4218 1207 4284 42,
1229 4218 1263 4272 24
1288 4246 1322 4255 -
1349 4216 1385 4272 81
1418 4215 1475 4285 vgl.

172 4314 197 4370 S.
213 4318 255 4381 42,
272 4318 306 4373 32

254 4469 272 4525 6
298 4468 389 4538 λέγων
416 4469 479 4525 and
502 4469 542 4525 St.
574 4472 579 4539 1
612 4470 648 4525 21
677 4470 773 4541 λόγος]
797 4466 814 4525 6
840 4471 926 4541 λόγος
948 4461 1032 4536 οὗτος
1058 4470 1120 4526 and
1144 4471 1182 4525 86
1214 4471 1218 4537 Ι
1251 4469 1290 4525 82
1319 4464 1405 4525 αὑτὸν
1427 4468 1477 4534 1ί*,

172 4584 236 4625 corr.
247 4570 286 4624 V²
307 4571 313 4639 1
337 4570 399 4627 844
420 4571 496 4640 τὴν.
515 4573 656 4628 ,ίκοινιον
656 4591 692 4628 αν
709 4572 772 4628 and.
782 4573 820 4628 st.
844 4574 849 4640 Ι
873 4573 911 4628 δύ
929 4570 1068 4643 πράξεως]
1086 4574 1206 4645 κρίσεως
1223 4572 1263 4627 Re
1280 4571 1337 4641 vgl.
1347 4570 1372 4625 S
1382 4571 1474 4634 1066

173 4670 215 4735 193
232 4671 303 4727 doch
320 4672 376 4741 vgl
394 4672 472 4727 zuS.
490 4675 532 4737 43
550 4674 567 4727 2
