3674 5506
951 454 1084 513 Eusebius

419 619 489 701 (Nr.
513 624 583 702 104)
619 617 673 688 διά
698 623 804 690 τοῦτο
826 616 889 707 γάρ
910 648 968 708 μοι
990 624 1083 690 δοκεῖ
1101 627 1157 690 καὶ
1187 612 1206 689 ό
1237 615 1488 704 παντοκράτωρ
1521 614 1613 701 θεός
1642 614 1660 690 ό

420 712 600 804 δεσπότης,
631 716 717 803 πρός
744 715 851 789 αὐτὸν
880 724 990 807 λέγειν
1019 716 1185 790 »κάθουέ
1187 746 1208 788 κ
1229 723 1351 802 δεξιῶν
1370 745 1438 806 μου
1460 719 1525 797 ἕως
1546 714 1588 789 ἀν
1608 724 1661 788 θῶ

420 814 501 935 τρύς
522 813 666 905 ἐχθρούς
692 841 754 888 σου
774 813 965 890 ὑποπόδιον
980 826 1053 890 τῶν
1067 825 1189 891 ποδῶν
1210 841 1299 889 σουι.
1333 820 1482 909 ἐνεργείᾳ
1503 816 1589 906 μόνη
1610 817 1662 889 διὰ

419 912 485 1003 τὴν
506 907 735 1004 ἀνθρωπίνην
756 914 862 1005 σάρκα
869 926 1039 1041 χωρίζειν
1060 914 1167 989 αὐτὸν
1197 923 1311 989 δοκῶν
1340 924 1397 989 καὶ
1424 914 1538 1005 ῶσπερ
1559 916 1664 1007 ρητόν

420 1042 497 1084 τινα
521 1009 646 1137 χρόνον
678 1010 804 1107 ὁρίζων
835 1014 930 1107 αὐτῷ
961 1024 1023 1108 τῆς
1052 1021 1089 1089 ἐν
1121 1023 1211 1110 δεξιᾷ
1240 1022 1408 1105 καθέδρας
1439 1009 1534 1089 οότω
1565 1023 1662 1105 φησὶν

418 1112 504 1202 πρὸς
523 1110 630 1185 αὐτόν
654 1112 778 1197 νέως
759 1145 802 1187 αν
823 1124 880 1188 θῶ
903 1117 984 1199 τοὺς
1005 1115 1148 1206 ἐχθρούς
1169 1141 1231 1188 σου
1252 1112 1444 1188 ἀποπόδιον
1458 1122 1533 1187 τῶν
1546 1122 1662 1188 ποδῶν

419 1238 508 1284 σσυι.
560 1219 665 1286 τοῦτο
697 1222 733 1286 δὲ
764 1215 805 1287 τό
836 1215 1053 1306 προφητικὸν
1089 1223 1152 1287 τοῦ
1185 1221 1287 1287 Δαυλδ
1315 1216 1422 1306 ῥητὸν
1457 1221 1692 1304 σαφέστερσνθ

419 1307 497 1401 ἡμῖν
519 1313 712 1403 ἑρμηνεύων
734 1310 753 1386 ό
775 1313 867 1403 ἱερός
889 1313 1084 1399 ἀπόστολος
1107 1311 1200 1388 οὕτω
1224 1343 1299 1399 πως
1320 1320 1384 1405 ἔφη
1402 1320 1472 1387 »δεῖ
1484 1314 1548 1405 γάρ
1563 1313 1665 1388 αὐτὸν

418 1411 604 1494 βασιλεύειν
622 1414 686 1496 έως
708 1411 751 1485 όν
772 1423 820 1504 θῇ
842 1415 923 1497 τοὺς
944 1416 1089 1504 ἐχθροὺς
1110 1413 1216 1488 αὐτοῦ
1236 1411 1429 1488 ὑποπόδιον
1451 1421 1527 1486 τῶν
1548 1420 1665 1487 ποδῶν

305 1519 339 1574 10
916 1514 923 1535 1
1198 1512 1208 1537 (
1303 1514 1311 1536 ἱ
1346 1515 1360 1539 ν
1597 1511 1606 1537 ἲ
1651 1521 1665 1534 u

420 1614 597 1700 οἰκονομία
620 1640 655 1682 τε
678 1620 734 1683 καὶ
755 1621 912 1697 βασιλεία.

356 1717 412 1781 καὶ
433 1706 514 1798 μεθ’
538 1713 636 1800 έτερα
658 1718 802 1803 ἐπιλέγει

419 1814 488 1895 (Nr.
514 1819 585 1898 104)
616 1821 672 1883 καὶ
703 1812 756 1884 διὰ
787 1821 893 1886 τοῦτο
924 1815 957 1884 αἱ
983 1812 1126 1904 Πράξεις
1156 1821 1231 1887 τῶν
1261 1807 1470 1885 ἀποστόλων
1500 1821 1576 1937 περὶ
1606 1818 1665 1885 τοῦ

418 1906 610 1998 ἀνθρώπου
630 1911 771 1996 τούτου,
803 1907 844 1985 όν
873 1909 1109 2003 ἀνείληφεν
1089 1944 1108 1986 ο
1140 1920 1203 1986 τοῦ
1228 1918 1314 1985 θεοῦ
1335 1908 1437 2000 λόγος
1458 1920 1516 1984 καί
1538 1911 1664 2001 ἀνειλη·

306 2016 340 2071 15
420 2010 496 2094 φῶς
517 2012 555 2079 έν
576 2016 666 2103 δεξιᾷ
690 2019 752 2083 τοῦ
774 2012 905 2100 πατρὸς
925 2020 1119 2100 καθέζεται
1141 2006 1254 2095 οότως
1275 2009 1490 2084 διδάσκουσιν
1513 2020 1662 2101 λέγουσα

421 2114 425 2197 Ι
466 2102 527 2179 »όν
548 2114 599 2180 δεῖ
620 2107 768 2199 οάρανόν
793 2118 854 2200 μὲν
877 2112 1083 2199 δέξασθαι”
1062 2141 1138 2202 αχρι
1162 2109 1298 2201 χρόνων
1324 2107 1662 2204 ἀποκαταστάσεωςι,
1680 2129 1730 2187 101

419 2215 475 2278 καὶ
499 2200 598 2279 αὗται
621 2207 735 2298 ὥσπερ
758 2205 841 2298 όρσν
863 2211 940 2284 τινὰ
961 2219 1016 2284 καὶ
1037 2220 1251 2302 προθεσμίαν
1270 2205 1451 2298 ὁρίζουσαι.

359 2303 412 2389 σίς
432 2304 547 2396 μεθ’(
537 2310 633 2397 έτερα
654 2315 797 2399 ἐπιλέγει
1677 2336 1693 2385 4

422 2411 492 2493 (Nr.
517 2417 587 2495 104)
609 2417 684 2494 πῶς
699 2412 750 2480 ἔτι
772 2411 837 2500 τὴν
859 2416 921 2483 τοῦ
943 2409 1068 2482 δούλου
1087 2407 1232 2500 μορφήν,
1255 2438 1299 2500 ην
1320 2406 1505 2499 ἀνείληφεν
1520 2440 1539 2482 ο
1529 2404 1662 2499 “λόγος.

310 2513 345 2569 20
422 2509 558 2599 μορφὴν
587 2501 693 2581 οὖσαν
723 2508 861 2593 δούλου,
896 2528 1047 2582 συνεῖναι
1077 2517 1128 2600 τῷ
1160 2507 1251 2600 λόγῳ
1282 2505 1334 2597 [δι’
1369 2507 1487 2597 αὐτοῦ]
1520 2508 1664 2581 δυνατὸν

422 2606 545 2696 γένοιτ’
568 2607 626 2693 ἀν;
648 2616 766 2695 σαφῶς
787 2615 873 2699 γοῦν
893 2616 949 2681 καὶ
973 2607 1156 2699 διαρρήδην
1177 2614 1215 2681 ἐν
1235 2619 1349 2697 βραχεῖ
1369 2638 1437 2680 τινι
1459 2606 1574 2700 χρόνῳ
1595 2615 1665 2680 τῶν

420 2735 457 2776 τε
477 2705 774 2798 παρεληλυθότων
802 2716 857 2780 καὶ
884 2714 959 2780 τῶν
978 2705 1180 2798 μελλόντων
1205 2708 1345 2781 αίτόνων
1366 2709 1431 2798 τὴν
1453 2707 1543 2782 κατά
1564 2706 1665 2797 σάρκα

419 2810 617 2896 οἰκονομίαν
635 2814 699 2879 τοῦ
714 2804 819 2897 λόγου
833 2805 874 2880 δι’
894 2806 979 2900 ἡμᾶς
994 2814 1195 2898 γεγενῆσθαι
1209 2814 1447 2898 συμβεβηκέναι
1464 2815 1521 2878 καὶ
1540 2806 1665 2896 ταότην

419 2901 534 2993 ῶσπερ
564 2903 671 2997 ἀρχὴν
693 2901 785 2980 οὕτω
807 2917 863 2981 καὶ
886 2915 984 2992 τέλος
1015 2913 1103 2996 ἔχειν
1124 2903 1144 2980 ό
1166 2914 1345 2989 θεσπέσιος
1367 2912 1501 2998 εἴρηκεν
1524 2912 1664 2989 Παῦλος.

418 2999 512 3074 οὕτω
533 3034 609 3088 πως
634 3008 744 3080 είπῶν
774 3011 864 3080 »εἶτα
887 3008 928 3081 τό
951 3015 1063 3092 τέλος,
1093 3001 1179 3079 όταν
1209 3013 1385 3098 παραδιδῷ
1409 3006 1476 3096 τὴν
1497 3014 1664 3091 βασιλείαν

417 3111 468 3193 τῷ
492 3112 564 3194 θεῷ
586 3112 642 3177 καὶ
663 3116 798 3195 πατρίι.

436 3176 478 3326 1⁵4,
513 3202 567 3275 διά
604 3204 781 3277 τοσούτων
816 3204 1016 3296 Μάρκελλος
1050 3214 1105 3279 καὶ
1136 3207 1177 3280 τὸ
1209 3213 1305 3297 σῶμα
1338 3211 1417 3296 »τῆς
1449 3204 1567 3295 δόξηςι
1601 3211 1662 3277 τοῦ
1687 3215 1804 3301 ἐξιλίίθέ

352 3300 474 3375 υίοῦ
454 3300 620 3394 ηγνόησεν
649 3312 704 3375 καὶ
731 3305 797 3395 τὴν
819 3303 1048 3396 ἀτελεύτητον
1078 3304 1185 3379 αάτου
1170 3314 1377 3390 ’βασιλείαν
1399 3303 1565 3394 ἀρνεῖται,
1601 3299 1660 3377 σόκ
1648 3279 1813 3423 ‘'gam‘'

354 3401 534 3493 ἐπιστήσας
574 3401 622 3486 σός
660 3403 748 3477 κατά
788 3434 866 3478 τινα
905 3405 1089 3496 συνήθειαν
1128 3413 1248 3496 τῆςγ
1227 3433 1357 3495 γραφης
1392 3402 1590 3492 ἰδιάζουσαν
1621 3402 1661 3475 τό
1688 3425 1738 3474 τοι
1752 3413 1801 3495 θην

302 3507 337 3563 30
355 3505 417 3585 έως
438 3502 762 3592 παραλαμβάνεσθαι
789 3510 921 3577 εἴωθεν
964 3500 1057 3577 οὕτω
1088 3512 1171 3594 γοῦν
1202 3500 1221 3577 ό
1251 3505 1367 3596 σωτὴρ
1395 3522 1468 3589 τοῖς
1494 3515 1765 3608 μαθητσίςω,
1693 3500 1796 3585 ma

355 3607 468 3691 ἔλεγεν
501 3603 593 3675 »ίδού
618 3605 685 3692 έγῶ
712 3600 794 3692 μεθ’
816 3603 913 3727 ὑμῶν
934 3608 999 3695 είμι
1019 3602 1129 3688 πάσας
1151 3604 1212 3688 τὰς
1235 3601 1357 3695 ἡμέρας
1380 3605 1445 3686 ἕως
1468 3633 1531 3694 της
1552 3630 1661 3676 συντε-

354 3710 444 3785 λείας
467 3708 529 3773 τσῦ
552 3706 712 3787 αίῶνοςι,
740 3701 803 3775 οόκ
823 3701 977 3792 ἀναιρῶν
996 3703 1038 3776 τὸ
1060 3711 1256 3776 συνέσεσθαι
1278 3700 1393 3787 αότοῑς
1414 3711 1470 3775 καὶ
1492 3703 1640 3793 μετὰ]
1600 3702 1661 3790 τὴν

353 3807 561 3885 συντέλειαν,
589 3800 758 3875 διδάσκων
780 3797 852 3875 δΗ
839 3801 893 3875 ότι
915 3811 970 3874 καὶ
994 3812 1055 3875 νῦν
1076 3808 1251 3895 μενέσται
1274 3805 1335 3875 σὺν
1357 3799 1474 3886 αότοίς
1500 3807 1644 3886 »ἕως
1605 3831 1662 3890 της

353 3909 565 3984 συντελείας(
591 3907 792 3974 ἐπισκοπῶν
813 3911 869 3975 καὶ
893 3901 1085 3991 φυλάττων
1106 3900 1239 3987 πάντας
1262 3903 1342 3987 τούς
1357 3899 1453 3994 αότῷ
1474 3914 1661 3993 μαθητευο·

437 4122 1660 4189 υΡε.109,1-σΡε.109,1-οεοι.3,21-101ο1.3,21-101Ρ1112,7

351 4253 384 4264 -
404 4225 442 4280 σε
460 4225 473 4277 1
491 4225 554 4278 Kor.
573 4227 613 4292 τε,
632 4227 665 4279 24
682 4254 715 4263 -
733 4224 770 4280 τι
791 4225 862 4279 Phil.
881 4227 905 4293 3,
924 4228 956 4279 ε]
975 4226 1059 4282 -ιι
1081 4226 1180 4280 Μιιιε.
1199 4227 1240 4293 28,
1258 4226 1293 4281 ιο
1310 4254 1343 4264 -
1361 4224 1399 4281 σε
1417 4224 1518 4279 σεται.
1537 4226 1578 4291 ιε,
1596 4225 1628 4280 το

437 4424 453 4478 1
482 4424 562 4490 θεός,
582 4425 598 4481 δ
616 4435 648 4486 <
667 4426 729 4480 and.
748 4426 786 4480 St.
818 4426 823 4493 1
856 4426 874 4482 2
903 4426 1049 4496 δεσπότης]
1068 4433 1100 4491 -Ι-
1119 4423 1206 4483 αὐτοῦ
1223 4426 1270 4482 Mo
1289 4432 1321 4490 -Ι-
1339 4425 1420 4495 ἡμῶν
1446 4443 1460 4479 ε
1491 4427 1495 4493 Ι
1530 4426 1549 4481 4
1575 4422 1657 4495 ῥητόν

352 4525 415 4580 and.
432 4526 470 4580 80
489 4522 597 4599 εἴρηται
616 4528 641 4579 V
673 4528 677 4593 Ι
710 4528 728 4584 8
754 4525 810 4599 γὰρ
830 4524 905 4582 αὐτῶ
923 4528 972 4593 V*‚
991 4546 1059 4584 corr.
1077 4529 1117 4581 Vc
1150 4531 1154 4596 Ι
1189 4525 1384 4586 171.αόταλλ
1415 4528 1420 4595 Ι
1453 4527 1493 4583 20
1519 4520 1556 4582 δι’
1572 4524 1657 4583 αὑτοῦ

351 4632 399 4682 str.
417 4628 455 4681 V²
487 4631 491 4696 Ι
525 4630 564 4685 28
583 4626 758 4700 συμβέβηκεν
776 4628 840 4684 and.
858 4629 895 4683 St„
928 4632 932 4697 Ι
966 4631 1004 4686 25
1026 4632 1144 4701 παραδῷ
1163 4630 1201 4683 V²
1231 4630 1236 4698 Ι
1269 4630 1307 4685 22
1327 4628 1387 4684 hier
1404 4644 1428 4684 a.
1446 4629 1477 4684 R„
1495 4622 1538 4697 ιγ’
1556 4629 1581 4680 V
