3698 5510
350 484 407 547 102
933 472 1067 528 Eusebius

408 642 476 718 (Nr.
492 642 545 724 92)
569 642 598 707 εί
619 645 739 710 τοίνυν
762 643 866 710 τοῦτο
888 633 1054 720 πιστεύοι,
1077 632 1207 725 ἀνάγκη
1230 632 1338 708 αύτὸν
1352 631 1488 706 κάκεῖνο
1510 658 1648 725 σννομο·

409 747 522 825 λογειν
552 729 607 808 ότι
632 736 724 827 πλὴν
750 743 834 809 θεοῦ
860 735 960 809 οὐδέν
982 737 1100 824 ἕτερον
1130 728 1181 826 ήν.
1223 736 1309 823 εἶχεν
1339 727 1402 807 ούν
1432 733 1497 823 τήν
1527 740 1650 807 οἰκείαν

408 833 512 922 δόξαν
533 831 552 906 6
574 834 685 926 λόγος,
709 829 761 907 ὢν
782 843 819 909 έν
840 842 891 926 τῷ
913 845 1028 925 πατρί.

345 939 507 1007 ἐντεῦθεν
529 932 672 1021 εἰκότως
692 945 748 1007 καὶ
769 933 888 1020 ἀίδιον,
911 932 1005 1008 τοῦτ’
1029 938 1122 1007 ἔστιν
1145 932 1328 1025 ἀγένητον,
1352 933 1437 1005 εἷναί
1461 958 1565 1024 φησιν
1588 936 1649 1008 τὸν
1681 956 1696 1008 3

310 1032 458 1124 ὀλόγον,
482 1026 549 1106 ώδε
572 1032 716 1124 γράφων

407 1138 477 1221 (Nr.
499 1141 551 1222 48)
572 1131 705 1218 ἀκούεις
727 1143 846 1207 τοίνυν
868 1143 929 1227 τής
951 1142 1148 1224 συμφωνίας
1171 1140 1234 1205 τοῦ
1255 1129 1352 1224 άγίου
1374 1132 1575 1223 πνεύματος,
1597 1135 1649 1206 διά

405 1242 549 1307 πολλῶν
578 1242 633 1305 καὶ
664 1231 842 1326 διαφόρων
876 1236 1076 1323 προσώπων
1107 1242 1150 1324 τή
1181 1240 1245 1307 τού
1280 1229 1386 1324 λόγου
1420 1233 1650 1324 μαρτυρούσης

405 1330 587 1424 ἀιδιότητα·

342 1464 398 1506 και
418 1431 525 1506 πάλιν

292 1548 326 1604 10
404 1538 473 1621 (Nr.
496 1540 548 1622 48)
580 1542 637 1605 καὶ
624 1531 716 1604 ὶδιά
743 1538 849 1605 τοῦτο
877 1531 1015 1623 ἄρχεται
1035 1540 1098 1622 μὲν
1118 1528 1219 1607 (ὅθ’
1198 1530 1266 1604 απὸ
1289 1537 1350 1654 τής
1372 1527 1569 1620 ἀιδιότητος
1591 1539 1650 1603 τοῦ

404 1630 522 1753 λόγου,
557 1629 654 1706 »ἐν’
633 1640 717 1722 αρχή
740 1624 824 1723 ήνό
855 1629 973 1721 λόγος(
1012 1640 1122 1722 λέγων
1150 1627 1269 1704 »καὶ“
1250 1662 1269 1702 ο
1292 1630 1395 1720 λόγος
1416 1622 1460 1720 ήν
1480 1629 1567 1719 πρὸς
1588 1631 1650 1703 τόν

404 1729 497 1817 θεόν,
519 1742 574 1854 καί
597 1732 678 1816 θεὸς
700 1723 743 1821 ήν
764 1726 784 1803 6
810 1728 940 1821 λόγοςι.
976 1741 1085 1821 τρισὶν
1115 1730 1320 1823 ἐπαλλήλοις
1345 1738 1544 1820 μαρτυρίαις
1565 1730 1648 1820 χρώ-

402 1860 503 1920 μενος
525 1831 590 1922 τήν
611 1829 790 1923 ἀιδιότητα
811 1861 874 1904 του
859 1827 1000 1920 λόγου
1022 1831 1193 1904 δεικνύναι
1214 1829 1382 1916 βούλεται.

341 1924 435 2013 ὅπως
465 1938 502 2003 δὲ
529 1928 685 2021 ἡνῶσθαι
707 1939 758 2021 τῷ
781 1939 854 2022 θεῷ
876 1939 932 2002 καὶ
954 1937 1207 2022 συναγέννητον
1229 1932 1315 2003 εἶναι
1338 1927 1432 2019 αύτῷ
1457 1925 1648 2017 τὸνλόγον
1677 1946 1693 1996 4

291 2048 322 2102 15
341 2033 495 2117 ἔφασκεν,
518 2028 682 2119 πάρεστιν
703 2028 810 2103 αύτοῦ
831 2035 1015 2102 ἐπακοῦσαι
1038 2023 1106 2102 ώδέ
1126 2059 1174 2120 πη
1198 2037 1360 2122 λέγοντος

402 2135 472 2217 (Nr.
494 2137 545 2220 61)
573 2128 639 2220 τήν
659 2137 721 2219 μέν
741 2129 829 2202 κατά
851 2127 956 2218 σάρκα
979 2135 1178 2219 οἰκονομίαν
1199 2137 1252 2220 τῷ
1274 2125 1452 2219 ἀνθρώπῳ
1475 2134 1646 2215 διαφέρειν

401 2231 625 2353 γινώσκομεν,
656 2229 721 2321 τήν
752 2236 788 2302 δὲ
818 2229 906 2301 κατὰ
926 2237 1057 2319 πνεῦμα
1079 2225 1257 2320 ἀιδιότητα
1285 2226 1441 2319 ἡνῶσθαι
1467 2235 1521 2319 τῷ
1544 2234 1647 2314 πατρὶ

399 2329 676 2418 πεπιστεύκαμεν.
715 2340 720 2414 1
1664 2342 1715 2397 101

421 2435 445 2503 4
475 2437 603 2502 τοῦτον
626 2429 667 2520 δὴ
690 2428 754 2500 τὸν
775 2426 909 2518 τρόπον
934 2434 972 2501 έν
994 2437 1045 2521 τῷ
1068 2437 1140 2521 θεῷ
1164 2428 1244 2512 δούς
1269 2426 1414 2501 εἶναι
1378 2455 1442 2499 τον
1463 2426 1584 2547 λόγον,
1610 2429 1646 2497 έν
1678 2436 1785 2506 θαοςίν

287 2541 320 2597 20
337 2538 392 2601 καὶ
415 2527 545 2602 ταύτόν
566 2532 652 2601 εἶναι
674 2527 770 2620 αύτῷ
793 2531 869 2620 ἑξής
891 2526 1120 2618 ἀποφαίνεται
1141 2527 1229 2600 κατὰ
1251 2534 1343 2615 λέξιν
1365 2519 1431 2599 ώδε
1453 2525 1598 2646 γράφων
1661 2506 1836 2635 ³26}foss
1835 2572 1836 2649 ή

402 2634 472 2718 (Nr.
494 2636 546 2715 62)
577 2636 606 2701 εἰ
626 2630 773 2718 μὲνγὰρ
795 2626 816 2752 ή
838 2635 902 2700 τοῦ
922 2627 1116 2717 πνεύματος
1142 2634 1290 2716 ἐξέτασις
1315 2634 1468 2716 γίγνοιτο
1489 2623 1588 2716 μόνη,
1610 2628 1676 2701 ένι
1675 2640 1836 2769 Ἤν

399 2735 454 2800 καὶ
478 2725 608 2800 ταύτὸν
630 2725 813 2813 είκότως”
794 2758 838 2799 αν
860 2723 879 2800 6
902 2725 1003 2818 λόγος
1024 2729 1111 2799 εἶναι
1133 2735 1184 2815 τῳ
1207 2735 1280 2818 θεῷ
1305 2735 1478 2814 φαίνοιτο
1517 2732 1547 2799 εί
1568 2722 1644 2814 666

398 2827 486 2899 κατὰ
514 2826 622 2915 σάρκα
647 2825 876 2919 προσθήκηέ
876 2836 916 2898 πὶ
946 2835 1010 2900 τοῦ
1035 2834 1192 2949 σῳτήρος
1217 2824 1424 2914 ἐξετάζοιτο,
1429 2755 1645 2942 ένεργείᾳή

399 2924 524 3017 θεότης
544 2924 633 3018 μόνη
654 2927 887 2999 πλατύνεσθαι
909 2934 1011 2999 δοκεῖ·
1034 2922 1124 2998 ώστε
1143 2922 1287 3009 εἰκότως
1300 2926 1408 3016 μονὰς
1423 2918 1540 3009 ὄντως
1554 2929 1644 2996 ἐστὶν

284 3039 318 3093 25
398 3023 594 3118 ἀδιαίρετος

336 3135 391 3198 καὶ
412 3123 517 3199 πάλιν
538 3128 673 3216 προϊών
694 3150 797 3217 φησιν
1674 3130 1691 3185 2

400 3230 470 3313 (Nr.
494 3231 546 3316 64)
577 3224 618 3298 ού
648 3226 711 3299 διά
741 3226 816 3318 τήν
845 3231 887 3298 έν
917 3220 1065 3298 άπασιν
1096 3218 1158 3297 ούν
1190 3223 1326 3315 λόγοις
1357 3252 1399 3295 τε
1424 3232 1490 3295 καὶ
1514 3228 1644 3314 ἔργοις

398 3323 541 3417 ἀκριβῆ
564 3334 811 3416 συμφωνίαν,
843 3322 892 3408 ώς
911 3321 1079 3415 Ἀστέριος
1101 3327 1180 3416 ἔφη,
1212 3320 1231 3397 6
1260 3323 1395 3414 σωτήρ
1418 3330 1525 3412 λέγει
1549 3326 1642 3414 »ἐγώ

397 3434 462 3496 καὶ
492 3421 512 3496 6
538 3424 670 3515 πατήρ
698 3427 739 3496 έν
769 3431 916 3515 έσμενι·
951 3422 1039 3498 ἀλλὰ
1069 3424 1158 3497 διότι
1189 3421 1361 3497 ἀδύνατόν
1382 3427 1475 3495 ἐστιν
1496 3418 1519 3511 6
1542 3420 1645 3512 λόγον

284 3537 318 3592 30
398 3531 482 3597 θεοῦ
503 3521 524 3614 6
546 3524 631 3596 θεὸν
652 3556 716 3597 του
701 3526 859 3597 ’έσυτοῦ
879 3532 1070 3614 μερίζεσθαι
1093 3521 1204 3614 λόγου.

334 3628 363 3694 εί
384 3624 426 3714 δή
450 3617 511 3695 ούν
533 3626 571 3694 ἓν
592 3632 647 3696 καὶ
670 3622 799 3696 ταύτόν
821 3617 863 3713 ήν
885 3620 904 3695 6
928 3623 1008 3707 θεὸς
1032 3619 1130 3695 καλό
1153 3629 1191 3695 έν
1211 3621 1306 3714 αύτῷ
1329 3619 1447 3711 λόγος,
1479 3620 1529 3707 ώς
1553 3629 1644 3696 δοκεῖ

335 3730 540 3814 Μαρκέλλῳ,
572 3719 592 3795 ό
622 3729 660 3795 έν
690 3731 733 3812 τῇ
764 3720 841 3816 άγίῳ
871 3731 1034 3813 παρθένῳ
1065 3719 1247 3813 γενόμενος
1276 3730 1332 3793 καὶ
1365 3731 1557 3812 σαρκωθεὶς
1586 3729 1640 3793 καὶ

287 3830 291 3837 ’
335 3821 603 3913 ἒνανθρωπήσας
625 3831 680 3893 καὶ
710 3826 840 3894 παθών
870 3822 913 3894 τά
944 3819 1219 3914 ἀναγεγραμμένα
1248 3830 1304 3895 καλ
1334 3818 1528 3894 ἀποθανών
1557 3820 1641 3906 ύπὲρ

334 3931 408 3994 τῶν
430 3918 607 4012 άμαρτιών
629 3919 727 4012 ήμῶν
749 3921 851 4005 αὐτὸς
873 3914 918 4012 ήν
939 3954 958 3993 ο
948 3920 1028 3995 έπὶ
1050 3920 1197 3994 πάντων
1211 3920 1305 4005 θεός
1327 3916 1408 4012 666
1423 3920 1641 4012 τολμήσαντα

281 4031 315 4087 35
333 4020 439 4110 φάναι
460 4022 525 4093 τὸν
546 4018 778 4106 Σαβέλλιον
758 4052 778 4112 η
800 4026 958 4120 ἐκκλησία
980 4029 1042 4094 τοῦ
1063 4029 1149 4094 θεοῦ
1170 4018 1339 4104 ἐνάθέοις
1354 4030 1410 4092 καὶ
1430 4019 1640 4111 βλασφήμοις

332 4129 518 4209 κατέλεξεν.

418 4344 454 4398 11
474 4343 535 4398 Joh.
554 4346 578 4409 1,
598 4345 611 4396 1
630 4372 662 4382 —
681 4342 796 4398 286011.
815 4344 855 4410 10,
874 4344 908 4398 30
925 4374 958 4383 -
976 4344 1014 4399 81
1035 4344 1089 4412 νηί.
1106 4342 1153 4397 Nr.
1172 4343 1206 4397 62

419 4544 434 4598 l
463 4541 589 4599 πιστεύοι
615 4542 677 4598 and.
705 4543 743 4599 st„
771 4540 894 4600 πιστεύει
921 4544 946 4595 V
977 4544 983 4609 Ι
1017 4542 1075 4599 121
1097 4545 1187 4615 τρισίν
1209 4575 1243 4585 -
1268 4541 1400 4616 βούλεται
1426 4544 1469 4598 als
1494 4542 1635 4599 Eusebius·

331 4644 521 4713 Wortemffi
540 4645 610 4700 doch
627 4645 684 4715 vgl.
704 4645 730 4699 S.
748 4646 790 4709 35,
808 4644 843 4698 2f
872 4647 876 4712 Ι
909 4645 948 4700 22
968 4642 1145 4712 elv26v*
1177 4646 1182 4712 Ι
1215 4641 1495 4715 θθέγκατέλεξενυι
