3698 5510
364 456 404 520 90
952 451 1084 507 Eusebius

367 609 431 685 »δι’
455 604 495 687 οῦ
517 612 559 684 τά
581 610 713 685 πάντα(
739 618 883 703 ἐγένετο
906 611 947 687 06
968 611 1073 703 λόγον
1095 610 1285 703 ὀνομάζων
1308 612 1396 688 άλλά
1413 613 1532 703 κῦριον
1545 613 1668 705 Ἰησουν

364 807 460 882 καὶ<
442 842 461 883 ο
484 816 521 883 ἐν
542 810 636 901 αὐτῷ
645 809 771 935 λόγος,
803 810 945 903 άπήρκει
976 820 1026 903 τῷ
1055 811 1240 904 άποστόλω
1267 812 1372 901 φάναι
1402 812 1498 905 »ἡμῖν
1520 813 1567 899 είς
1589 814 1667 898 θεὸς

366 907 530 1001 ὁπατηρ,
562 916 597 999 ἐξ
618 903 659 982 06
681 912 725 984 τά
746 909 891 984 πάντας.
933 911 1066 1003 πλήρης
1087 914 1149 1002 γάρ
1172 907 1216 1003 ἦν
1237 945 1267 1033 η.
1247 910 1412 987 διάνοια
1442 921 1499 985 καὶ
1528 910 1714 1034 ὁλὸγοςῡδ

332 1007 553 1100 6αῦτοτελίγς
586 1011 650 1084 τὸν
676 1010 762 1084 θεὸν
789 1012 1024 1103 εἰσηγούμενος
1045 1012 1194 1103 ποιητὴν
1217 1020 1291 1085 τῶν
1312 1007 1414 1085 ὅλων.
1456 1010 1543 1085 άλλά
1567 1020 1667 1085 τοῦτο

364 1117 420 1182 καί
442 1106 638 1192 Ἰουδαίος”
619 1141 662 1183 αν
685 1117 782 1184 εἴποι.
826 1142 844 1183 ο
835 1108 903 1184 δὲ
925 1119 987 1202 τῆς
1007 1118 1184 1204 ἐκκλησίας
1205 1119 1310 1203 κῆρυξ
1330 1112 1417 1202 πρὸς
1439 1119 1489 1202 τῷ
1512 1119 1668 1202 προτέρῳ

363 1217 419 1282 καί
442 1209 482 1281 τὸ
506 1209 664 1299 δεύτερον
685 1212 730 1301 μὴ
752 1209 887 1302 ἀγνοεῖν
910 1210 1069 1284 διδάσκει·
1112 1219 1146 1283 τί
1172 1219 1208 1284 66
1230 1205 1272 1302 ἦν
1292 1219 1416 1298 τοῦτο·
1449 1221 1523 1286 »καὶ
1549 1213 1596 1295 είς
1616 1211 1669 1284 κῦ
1685 1227 1715 1282 66

365 1339 437 1398 ριος
466 1305 587 1399 Ἰησοῦς
620 1308 797 1398 Χριστόςι.
849 1310 901 1383 6ιό
932 1320 1160 1401 προστίθησιν
1189 1309 1231 1383 τὸ
1263 1311 1424 1401 δεύτερον
1457 1315 1533 1402 ἑξῆς
1565 1319 1671 1403 λέγων

368 1405 464 1498 »ἡμῖν
495 1415 537 1495 (εέ
567 1409 630 1499 γὰρ
660 1418 715 1481 καὶ
742 1411 787 1500 μὴ
818 1418 935 1496 πᾶσιν,
967 1407 1042 1484 ἀλλ’
1072 1408 1166 1501 ἡμῖν,
1198 1420 1312 1502 φησίν)
1344 1413 1391 1495 είς
1416 1411 1533 1500 κῦριος
1554 1408 1671 1502 Ἰησοῦς

313 1519 346 1574 10
365 1506 541 1597 Χριστόςι.
572 1509 627 1581 διὰ
649 1518 683 1581 τί
705 1516 741 1582 66
762 1511 846 1600 μετά
869 1512 932 1584 τὸν
957 1514 1015 1583 ἕνα
1038 1510 1122 1584 θεὸν
1135 1519 1191 1583 καί
1213 1504 1316 1596 οὗτος
1341 1509 1437 1602 »ἡμῖν
1459 1511 1507 1595 είς
1529 1511 1670 1600 κῦριοςι,

364 1616 566 1699 παρίστησιν
588 1614 756 1698 ἐπιλέγων
786 1609 850 1682 »δι’
873 1604 979 1683 οὖτά
1000 1609 1148 1683 πάνται·
1176 1610 1349 1701 ἐπειδὴ
1313 1640 1375 1700 γαρ
1398 1611 1441 1683 τά
1471 1609 1605 1683 »πάντα
1627 1609 1670 1682 δι’

365 1704 472 1779 αῦτοῦ
493 1712 663 1798 ἐγένετοτ,
695 1707 837 1795 εἰκότως
864 1709 944 1801 ἡμῖν
970 1730 1042 1796 τοῖς
1068 1718 1152 1784 τοῦτ
1155 1708 1424 1800 ’ἐπισταμένοις
1451 1710 1568 1799 κῦριος
1589 1712 1672 1782 εἶναι

365 1814 439 1878 τῶν
467 1800 560 1879 ῦλων
581 1810 664 1899 μετά
691 1810 755 1883 τὸν
776 1816 831 1882 ἐπι
852 1808 998 1882 πάντων
1020 1811 1106 1882 θεὸν
1126 1818 1355 1883 πεπίστευται
1398 1804 1454 1883 ὅτι
1476 1815 1514 1881 δὲ
1537 1807 1578 1883 06
1598 1815 1671 1896 περὶ
1686 1825 1716 1880 67

364 1914 426 1997 τῆς
447 1907 571 1994 σαρκὸς
593 1906 688 1981 ταῦτ’
712 1913 834 1999 ἔλεγεν,
857 1906 945 1981 άλλά
966 1917 1043 1999 περὶ
1066 1918 1129 1982 τοῦ
1150 1916 1234 1981 θεοῦ
1257 1907 1375 1998 λόγου,
1398 1906 1501 1999 δῆλός
1525 1914 1672 1981 ἐστινέκ

314 2019 347 2071 10
366 2036 429 2079 του
414 2011 622 2095 ἐπιφέρειν
656 2007 719 2080 »δι’
746 2003 787 2083 06
814 2008 857 2079 τά
879 2007 1022 2081 πάντας.
1069 2006 1181 2099 »ἦμίντ
1215 2007 1277 2098 γάρ
1310 2033 1412 2098 φησιν
1446 2008 1514 2092 »εἷς
1545 2010 1625 2092 θεὸς
1654 2003 1672 2080 6

365 2103 493 2226 πατήρ,
524 2111 559 2193 ἐξ
581 2100 622 2179 οῦ
643 2108 686 2180 τά
708 2105 836 2194 πάντα,
867 2118 922 2181 καὶ
950 2109 997 2194 είς
1022 2108 1137 2199 κῦριος
1158 2106 1280 2198 Ἰησοῦς
1302 2106 1465 2228 Χριστός,
1495 2105 1543 2179 δι’
1571 2102 1611 2181 οῦ
1632 2108 1673 2179 τά

365 2202 509 2277 πάνται.
552 2201 634 2329 666
656 2215 712 2278 καὶ
737 2218 815 2299 περὶ
842 2216 906 2282 τοῦ
933 2208 1051 2297 φωτὸς
1080 2217 1137 2280 καὶ
1167 2216 1243 2297 περὶ
1275 2214 1337 2280 τοῦ
1366 2205 1542 2296 προόντος
1572 2207 1673 2330 λόγου

367 2308 504 2393 ειρηται.
547 2303 651 2389 αὐτὸς
673 2301 735 2379 οῦν
757 2301 799 2397 ἢν
820 2315 875 2382 59¹
895 2304 1018 2398 Ἰησοῦς
1041 2308 1188 2398 Χριστὸς
1210 2307 1252 2380 τὸ
1275 2315 1351 2396 φῶς
1364 2303 1456 2378 καί(
1436 2337 1455 2378 ο
1472 2308 1584 2397 λόγος,
1610 2305 1671 2378 »δι’

366 2397 406 2476 06
428 2404 471 2475 τά
492 2402 625 2477 πάντα(
652 2412 798 2496 γέγονεν,
822 2403 896 2480 ἀλλ’
919 2404 981 2496 οῦχ
1003 2404 1137 2532 ιγσάρξ.Ζ
1164 2405 1207 2531 οῦ
1228 2406 1290 2498 γάρ
1312 2437 1355 2478 αν
1370 2413 1446 2495 περὶ
1468 2413 1532 2496 τῆς
1554 2407 1672 2496 σαρκὸς

313 2514 348 2569 00
366 2500 610 2624 άσυνιγρτήτως
631 2499 743 2589 οῦτως
765 2504 900 2578 είπεν”
882 2536 923 2578 αν
945 2507 986 2578 τὸ
1012 2506 1075 2580 »δι’
1097 2500 1138 2579 06
1162 2507 1204 2580 τά
1226 2504 1370 2578 πάντα(

448 2601 477 2674 ι’.
509 2604 600 2676 οἶδεν
631 2611 667 2677 δέ
698 2606 761 2678 τὸν
783 2612 844 2694 τῆς
865 2606 988 2693 σαρκὸς
1009 2605 1275 2729 προϋπάρχοντα
1298 2613 1362 2678 τοῦ
1383 2613 1470 2679 θεοῦ
1489 2606 1569 2729 υἱὸν
1593 2614 1670 2697 Χρι-
1686 2619 1717 2677 60

364 2701 449 2774 στὸν
471 2698 649 2827 ὀνομάζειν
671 2701 690 2776 6
714 2702 816 2825 αῦτός
838 2712 986 2790 Παῦλος
1017 2706 1105 2778 κατά
1126 2705 1167 2776 τὸ
1190 2703 1274 2779 αῦτὸ
1297 2714 1428 2793 πέτραν
1454 2703 1569 2778 αὐτὸν
1590 2703 1669 2779 66⁰-

364 2812 496 2887 καλῶν
528 2800 573 2874 δι
606 2797 657 2875 τάν
692 2802 813 2895 γράφει
848 2813 925 2894 περί
960 2812 1033 2877 τῶν
1064 2810 1101 2876 ἐν
1132 2813 1174 2894 τῇ
1204 2804 1317 2896 ἐρήμῳ
1349 2806 1670 2896 συνδιατριφάντων

364 2910 490 2986 Μωσεῑ,
514 2909 676 2992 λέγων
649 2909 785 2975 νέπινον
807 2904 870 2995 γάρ
892 2909 929 2975 ἐκ
950 2910 1178 2994 πνευματικῆς
1204 2900 1461 2996 ἀκολουθούσης
1487 2902 1670 2996 πέτρας,
1650 2935 1669 2994 η

312 3014 346 3069 26
364 3007 400 3072 δὲ
426 3009 536 3088 πέτρα
562 2996 604 3093 ἦν
635 2999 857 3090 άΧριοτάςι)
887 3011 943 3074 καὶ
973 3009 1247 3094 ἐπιοφραγίζεται
1279 3004 1319 3076 τὸ
1350 3002 1434 3076 αῦτό
1465 3003 1543 3095 μεθ’
1576 3007 1669 3093 ἳτερα

365 3099 508 3187 φάσκων
546 3110 644 3192 »μηδὲ
675 3100 926 3192 ἐκπειράζωμεν
957 3102 1020 3174 τὸν
1047 3111 1052 3192 γ
1080 3102 1245 3192 Χριστόν,
1280 3105 1401 3188 καθώς
1431 3132 1524 3188 τινες
1554 3102 1720 3176 αῦτιῦνθί

362 3205 544 3289 ἐπείρασαν
574 3211 630 3273 καί
656 3199 722 3272 ὑπὸ
750 3210 824 3273 τῶν
846 3197 964 3289 ὀφέων
985 3200 1200 3275 άπώλοντοι.
1243 3212 1299 3275 καὶ
1330 3207 1380 3275 ἔτι
1409 3211 1545 3292 μᾶλλον
1577 3200 1667 3277 τοῦτ’
1683 3219 1714 3273 60

363 3297 447 3373 αὐτὸ
469 3310 598 3386 βεβαιοῖ
618 3309 730 3391 λέγων
756 3310 885 3373 »πίστει
906 3308 1034 3391 Μωσῆς
1054 3309 1155 3391 μέγας
1177 3299 1358 3392 γενόμενος
1385 3300 1558 3394 ἠρνήσατο
1582 3311 1667 3393 λέγε-

363 3410 443 3472 σθαι
465 3400 537 3485 υίὸς
559 3401 732 3492 θυγατρὸς
748 3400 883 3491 Φαραώ,
905 3409 1044 3488 μείζονα
1067 3408 1222 3474 πλοῦτον
1246 3399 1457 3492 ἡγησάμενος
1481 3412 1557 3476 τῶν
1572 3403 1668 3493 Αίγῦ

309 3511 344 3565 30
361 3529 452 3572 πτου
478 3509 663 3591 θησαυρῶν
686 3499 749 3573 τὸν
780 3497 972 3590 ὀνειδισμὸν
1003 3508 1066 3573 τοῦ
1089 3508 1268 3591 Χριστοῦι.
1311 3507 1541 3593 ἐναργέστατα
1563 3510 1598 3575 θέ
1620 3507 1667 3574 ἔτι

360 3605 495 3687 μᾶλλον
519 3608 623 3677 τοῦτο
647 3611 841 3690 συνίστησιν
862 3607 899 3673 ἐν
922 3603 973 3684 οἷς
1001 3599 1122 3689 φάσκει
1156 3608 1279 3673 »τοῦτο
1307 3611 1507 3689 φρονείσθω
1535 3609 1573 3675 ἐν
1594 3599 1668 3690 ῦμτν

362 3693 381 3769 6
403 3706 459 3770 καὶ
482 3705 519 3771 έν
542 3707 681 3790 Χριστῷ
703 3697 820 3827 Ἰησοῦ,
853 3695 890 3782 ὃς
920 3707 957 3773 ἐν
978 3708 1095 3789 μορφῇ
1117 3706 1203 3771 θεοῦ
1223 3697 1387 3789 ὑπάρχων
1409 3698 1470 3791 οὐχ
1493 3699 1667 3792 ἁρπαγμὸν

362 3794 513 3888 ηγὴσατο
543 3798 584 3870 τὸ
616 3802 699 3870 εῖναι
729 3804 783 3869 ισα
813 3807 896 3889 θεῷ
928 3797 1003 3872 ἀλλ’
1034 3798 1157 3871 ἑαυτὸν
1187 3805 1354 3873 ἐκένωσεν
1377 3801 1517 3921 μορφὴν
1544 3801 1667 3874 δούλου

361 3899 488 3983 λαβών,
511 3907 568 3970 καὶ
589 3896 730 4017 σχηματι
756 3894 904 3986 εῦρεθεὶς
932 3896 980 3983 οἷς
1008 3899 1225 3988 ἄνθρωπος(
1268 3907 1411 4020 συνορᾷς
1438 3894 1494 3972 ὅτι
1515 3900 1584 4021 πρὸ
1606 3930 1665 3972 του
1651 3908 1712 3966 60

308 4008 342 4061 30
359 4021 507 4068 κενωσαι
543 3997 667 4068 ἑαυτὸν
702 4006 758 4069 καί
796 3998 951 4088 »μορφὴν
986 3999 1128 4071 δούλου(
1168 4007 1281 4083 λαβεῖν
1311 3991 1354 4088 ἦν
1383 4008 1438 4071 καὶ
1469 4007 1583 4091 προῑγν
1613 4006 1664 4070 καὶ

448 4166 727 4233 ῙΠΙΚοτἾ-Βθ
741 4168 1022 4237 2tvgl.Nr.ss2-
1042 4169 1304 4233 71Κοτ.8,6-
1323 4168 1609 4234 θΠΙΚοτ.8,6-
1628 4170 1661 4225 11

360 4265 423 4321 Joh.
442 4268 723 4333 1,3-1511{0r.
742 4270 1094 4337 8.6—181111(or.8‚
1113 4270 1351 4326 6-2411106
1372 4270 1663 4338 164-261K0r.

361 4368 545 4431 169-28
564 4368 646 4424 Hebr.
666 4373 706 4438 ll,
724 4372 924 4427 2426-81
944 4372 1017 4426 Phil.
1034 4373 1058 4433 2,
1076 4372 1253 4427 5-7-85
1271 4371 1343 4429 Phil.
1361 4373 1419 4437 2‚7

445 4511 627 4584 θ’ίουδαίοις
645 4520 695 4585 V*,
714 4540 781 4576 corr.
800 4522 850 4585 v²;
867 4516 1000 4586 Ἰουδαῖός
1016 4523 1078 4587 τιςῖ
1096 4522 1149 4576 We
1176 4522 1181 4589 Ι
1217 4523 1258 4578 θί
1281 4523 1346 4591 ἡμῖν
1365 4533 1397 4581 <
1414 4523 1462 4577 ΝΤ
1479 4540 1505 4576 u.
1524 4524 1549 4576 S.
1566 4522 1607 4586 89,
1624 4522 1662 4575 33.

361 4620 386 4672 S.
405 4620 446 4683 00,
466 4623 511 4681 15;
530 4620 601 4675 doeh
619 4622 674 4689 vgl.
695 4622 719 4676 S.
738 4625 780 4688 02,
799 4626 831 4676 14
864 4624 868 4691 Ι
903 4624 937 4679 17
958 4624 1109 4693 περιόντος
1118 4624 1150 4689 V,
1170 4643 1237 4680 corr.
1248 4625 1294 4679 Mo
