3698 5510
345 468 403 531 100
843 408 848 419 ἱ
929 455 1062 512 Eusebius

405 625 475 710 (Nr.
498 629 549 708 51)
580 618 758 693 κάνταῦθα
785 616 912 710 ὁμοίως
939 614 1160 709 όπρσφήτης
1190 625 1266 708 περὶ
1297 623 1361 691 τοῦ
1391 617 1455 708 τὴν
1484 612 1648 708 ἡμετέραν

404 718 631 811 ἀνειληφότας
652 718 759 807 σάρκα
780 717 885 810 λόγου
907 725 1103 809 διαλέγεται,

341 827 399 892 καὶ
420 824 571 908 ἐπιφέρει
594 826 705 909 λέγων

404 924 473 1005 (Νι.
496 926 548 1009 51)
570 925 701 1008 πνεῦμα
722 925 815 1002 σκιᾶς
846 916 1030 1007 ποιητικὸν
1061 915 1123 992 οῦκ
1154 918 1198 991 ἀν
1219 947 1306 992 ποτε
1333 924 1476 1009 γένοιτο.
1519 923 1649 1006 πνεῦμα

307 1037 324 1089 5
403 1022 439 1090 δέ
462 1012 517 1090 ότι
540 1013 683 1102 αῦτόςό
714 1016 810 1101 θεός,
840 1013 860 1088 6
888 1018 1003 1109 σωτὴρ
1030 1019 1095 1106 ἔφη
1129 1025 1279 1110 »πνεῦμα
1300 1014 1319 1091 6
1341 1013 1453 1102 θεόςι.
1497 1010 1552 1089 ῦτι
1574 1010 1648 1087 δίό

403 1117 485 1203 θεὸς
508 1126 584 1205 φῶς
606 1123 712 1201 ἐστιν,
741 1115 843 1201 αὐτὸς
866 1114 1012 1190 διδάσκει
1042 1113 1127 1207 ἡμᾶς
1151 1120 1237 1208 »ἐγώ
1259 1125 1325 1211 είμι
1347 1115 1389 1190 τὸ
1411 1125 1506 1205 φῶςι
1532 1122 1649 1206 λέγων.

252 1308 256 1317 Ι
341 1228 484 1308 θεωρεῑς
506 1212 603 1301 ὅπως
625 1218 668 1289 τά
689 1224 766 1307 περὶ
788 1224 851 1289 τοῦ
873 1224 1030 1308 σωτῆρος
1051 1223 1232 1308 λελεγμένα
1253 1222 1309 1290 ἐπί
1331 1218 1398 1309 τὴν
1419 1215 1573 1306 θεότητα
1588 1220 1649 1287 τοῦ

340 1317 470 1405 πατρὸς
490 1324 680 1408 μεταφέρει.
722 1324 777 1390 καί
799 1313 903 1388 πάλιν
926 1313 1058 1404 ἀναιρεῖ
1078 1317 1143 1407 τὴν
1164 1313 1353 1391 ὑπόστασιν
1375 1327 1439 1390 τοῦ
1452 1320 1530 1389 υίοῦ
1544 1323 1648 1405 γυμνῇ
1679 1334 1695 1386 ο

341 1425 384 1506 τῇ
414 1426 545 1507 κεφαλῇ
580 1414 648 1507 πρὸ
676 1424 737 1508 τῆς
767 1425 841 1489 τῶν
867 1423 1043 1507 γεννητῶν
1065 1422 1280 1507 δημιουργίας
1301 1422 1403 1509 μηδὲν
1425 1418 1544 1505 ἕτερον
1565 1417 1648 1488 εἶναι

290 1530 325 1585 10
341 1517 432 1607 πλὴν
454 1524 517 1589 τοῦ
539 1524 623 1590 θεοῦ
644 1513 753 1607 μόνου
775 1513 1062 1607 ἀποφαινόμενος·
1084 1512 1205 1605 γράφει
1228 1514 1260 1588 δ’
1283 1510 1345 1589 οῦν
1367 1510 1434 1590 ἀδε
1456 1515 1546 1589 κατὰ
1560 1521 1649 1601 λέξιν

403 1621 471 1703 (Nr.
495 1626 546 1705 93)
570 1618 635 1708 τὴν
657 1623 819 1690 δοθεῖσαν
841 1613 935 1708 αύτῷ
963 1620 1117 1703 ἐξουσίαν
1136 1612 1304 1705 Ἀστέριος
1335 1613 1457 1703 δόξαν
1484 1611 1649 1705 ὀνομάζει,

403 1726 459 1788 καὶ
482 1713 523 1790 ού
544 1716 648 1803 δόξαν
668 1714 778 1806 μόνον
799 1714 885 1789 ἀλλά
906 1724 962 1788 καί
982 1714 1236 1806 προκόσμιον
1257 1711 1391 1803 δόξαν,
1423 1713 1487 1788 οῦκ
1517 1719 1649 1787 ἐννοῶν

404 1809 459 1937 ότι
488 1815 591 1907 μήπω
623 1823 686 1889 τοῦ
715 1815 843 1905 κόσμου
874 1813 1058 1907 γεγονότος
1089 1813 1190 1888 οῦδὲν
1221 1816 1338 1906 ἕτερον
1368 1807 1412 1905 ἦν
1442 1813 1538 1906 πλὴν
1568 1819 1650 1885 θεοῦ

402 1944 520 2005 μονου.

291 2030 323 2082 15
340 2024 395 2088 καὶ
417 2009 518 2100 αὖθις
540 2014 581 2088 τὸ
604 2013 687 2088 αῦτὸ
708 2024 836 2102 βεβαιοῖ
856 2022 968 2106 λέγων

403 2121 472 2205 (Νι.
495 2124 547 2203 92)
578 2112 723 2204 ούρανὸς
747 2124 804 2187 καί
835 2123 876 2207 γῆ
902 2123 958 2185 καὶ
987 2110 1104 2187 πάντα
1126 2113 1168 2186 τά
1195 2117 1232 2186 ἐν
1254 2110 1412 2203 ούρανοῑς
1433 2117 1491 2185 καὶ
1514 2115 1631 2183 ἐπί”
1591 2141 1650 2201 της

404 2222 464 2306 γῆς
491 2208 576 2287 ὄντα
606 2211 673 2286 ἀπὸ
705 2222 768 2288 τοῦ
798 2222 883 2287 θεοῦ
912 2220 1101 2304 γεγένηται·
1137 2220 1165 2285 εί
1202 2221 1322 2286 τοίνυν
1349 2219 1455 2286 τοῦτο
1488 2209 1648 2293 πιστεύοι,

404 2310 532 2405 ἀνάγκη
555 2310 663 2386 αύτόν
689 2312 823 2388 κάκεῖνο
854 2326 1097 2404 συνομολογεῖν
1130 2306 1185 2384 ότι
1214 2314 1307 2406 πλὴν
1337 2319 1422 2385 θεοῦ
1451 2309 1555 2384 οῦδὲν
1585 2311 1647 2382 έτε-

402 2442 466 2503 ρον
487 2406 571 2503 (ἦν)
591 2424 595 2498 Ι
1665 2424 1717 2480 196

289 2526 324 2581 20
423 2507 926 2606 2όρᾷς1ουδαῑονάντικρυς
955 2511 1019 2584 τὸν
1047 2520 1218 2605 μονογενῆ
1251 2511 1327 2584 υίὸν
1356 2517 1419 2584 τοῦ
1449 2518 1550 2595 θεοῦ,
1585 2506 1679 2581 »δάθ
1664 2520 1733 2647 θιως
1763 2522 1800 2576 καί

341 2603 381 2683 06
404 2612 447 2683 τά
468 2610 600 2685 πάντα(
626 2620 773 2704 γέγονεν,
797 2610 1015 2702 ἀρνούμενον.
1052 2611 1138 2683 εί
1102 2639 1165 2701 γαρ
1186 2611 1279 2703 πλὴν
1300 2619 1385 2683 θεοῦ
1408 2606 1510 2684 οῦδὲν
1532 2610 1648 2698 ἕτερον
1664 2594 1688 2665 [ὁ
1703 2586 1799 2726 Μίᾟ

341 2704 383 2801 ἦν
405 2711 472 2802 πρὸ
502 2720 563 2834 της
593 2720 656 2785 τοῦ
685 2709 814 2801 κόσμου
844 2717 1020 2800 γενέσεως,
1052 2708 1125 2784 οῦκ
1144 2704 1187 2832 66
1218 2711 1283 2801 ἀρα
1314 2706 1333 2783 6
1364 2707 1449 2794 υίός·
1485 2719 1544 2782 καὶ
1574 2716 1647 2792 πῶς
1678 2726 1789 2797 σοξρίιε

343 2809 476 2883 »πάντα
498 2808 545 2884 δι’
567 2809 674 2885 αύτου
658 2817 838 2902 ’ἐγένετο
860 2819 915 2882 καί
934 2818 1038 2900 χωρίς
1061 2808 1167 2883 αύτου
1152 2817 1322 2902 ’ἐγένετο
1345 2807 1423 2883 οῦδὲ
1447 2811 1519 2898 6613
1548 2806 1646 2900 ὁμέν
1672 2795 1786 2867 unm*

342 2904 405 3032 οῦν
424 2907 590 2995 ’,[ουδαίος
622 2906 641 2982 6
669 2910 731 2982 τὸν
753 2910 904 2999 Χριστὸν
934 2918 997 2985 τοῦ
1027 2918 1113 2985 θεοῦ
1142 2907 1363 3002 ἀρνούμενος,
1393 2909 1462 3000 πρὸ
1495 2916 1557 3001 τῆς
1587 2914 1647 2980 τοῦ

290 3024 323 3076 25
341 3008 469 3101 κόσμου
496 3016 657 3100 γενέσεως
689 3007 787 3133 οῦδὲν
819 3013 911 3082 οίδεν
940 3011 1033 3102 πλὴν
1062 3018 1147 3083 θεοῦ
1176 3008 1297 3100 μόνου,
1328 3017 1646 3101 συμμαρτυροῦντος

341 3106 435 3200 αύτῷ
458 3116 675 3200 Μαρκέλλου·
710 3107 731 3200 6
762 3116 798 3182 δέ
821 3116 971 3199 Χριστοῦ
1001 3116 1160 3201 ἐκκλησία
1190 3111 1252 3182 σῦν
1273 3118 1442 3203 παρρησία
1473 3114 1532 3185 62*
1558 3106 1645 3196 πόση

216 3276 220 3285 ,
341 3208 553 3332 σεμνύνεται
561 3218 705 3298 λέγουσα
738 3206 835 3300 »ἡμῖν
866 3210 911 3294 είς
937 3209 1018 3293 θεὸς
1045 3206 1064 3282 6
1091 3208 1219 3301 πατήρ,
1251 3214 1287 3296 ἐξ
1317 3202 1357 3282 οῦ
1380 3209 1423 3282 τά
1444 3207 1570 3293 πάντα,
1591 3213 1645 3280 καί

342 3308 388 3392 είς
409 3308 523 3431 κύριος
544 3305 666 3399 Ἰησοῦς
688 3306 844 3398 Χριστός,
868 3307 915 3380 δι’
939 3302 978 3382 06
1001 3310 1044 3382 τά
1065 3307 1208 3382 πάνται.
1245 3308 1331 3431 ἐπάν
1353 3315 1389 3381 δέ
1411 3315 1501 3429 λέγῃ.
1521 3304 1586 3381 »δι’
1607 3300 1645 3380 οῦ
1676 3323 1691 3378 2

342 3407 384 3479 τά
405 3406 555 3495 πάνται,
588 3408 678 3483 οίδεν
709 3405 815 3479 αῦτὸυ
844 3407 911 3497 πρὸ
937 3406 1094 3481 πάντων·
1131 3407 1221 3481 ὥστε
1249 3408 1316 3498 πρὸ
1348 3416 1410 3500 τῆς
1436 3416 1501 3481 τοῦ
1521 3407 1648 3498 κόσμου

290 3521 324 3575 30
342 3503 545 3597 γενέσεως
526 3538 544 3579 ο
567 3515 677 3598 λέγων
698 3505 837 3579 ούδὲνέ
837 3537 938 3599 τερον
960 3511 1044 3581 εἶναι
1066 3509 1158 3599 πλὴν
1179 3516 1265 3581 θεοῦ
1285 3506 1395 3601 μόνον
1409 3516 1471 3600 τῆς
1478 3505 1646 3632 ἀληθείας

340 3606 597 3695 καταψεύδεται.
642 3608 704 3679 σῦν
726 3607 788 3697 γὰρ
813 3616 863 3698 τῷ
885 3605 981 3698 μόνῳ
1005 3616 1077 3699 θεοῦ
1100 3604 1202 3679 καί(
1182 3638 1201 3678 ο
1228 3608 1415 3698 μονογενὴς
1445 3605 1553 3680 αύτοῦ
1577 3606 1646 3728 υἱός

341 3697 384 3794 ἦν
404 3706 471 3793 πρὸ
494 3715 556 3798 τῆς
578 3713 641 3779 τοῦ
661 3703 789 3795 κόσμου
810 3703 1011 3791 συστάσεως,
1033 3715 1088 3779 καί
1111 3715 1163 3799 τῷ
1186 3716 1292 3796 πατρί
1314 3716 1428 3800 συνῆν.
1465 3715 1571 3781 τοῦτο
1586 3706 1646 3828 γὰρ

341 3803 555 3892 ἐδίδαξεν’
513 3808 622 3936 avt6v
647 3802 749 3878 καί
730 3836 748 3877 ο
772 3808 881 3878 είπών
904 3803 973 3879 »ἐπ’
997 3805 1140 3896 ἐσχάτου
1161 3816 1234 3879 τῶν
1256 3804 1392 3929 ἡμερῶν
1414 3806 1553 3880 τούτων
1574 3804 1645 3879 ἐλά·

341 3913 443 3994 λησεν
472 3903 552 3996 ἡμῖν
582 3912 620 3978 ἐν
649 3901 784 3998 υίῴ,“
767 3937 808 3977 ον
836 3909 961 3997 έθηκεν
991 3904 1206 3996 κληρονόμον
1236 3905 1397 3994 πάντων,
1434 3901 1482 3977 δι’
1517 3899 1559 3978 06
1592 3911 1644 3977 καί

425 4076 625 4144 61011124
650 4107 684 4117 -
710 4079 729 4133 6
755 4077 911 4141 Joh.8,]2
936 4108 970 4117 -
996 4077 1036 4132 26
1064 4077 1586 4149 ΙΚσι.6,6-21εςς].Ντ.93-
1608 4075 1645 4130 26
1717 4107 1722 4115 -

341 4177 479 4242 Joh.1,3
506 4207 539 4219 -·
566 4179 627 4235 271
642 4179 654 4231 I
672 4178 736 4233 Kor.
755 4179 779 4241 8,
798 4179 814 4233 6
831 4209 865 4218 -
884 4179 955 4235 2611
970 4180 1026 4249 vgl.
1045 4178 1092 4233 Νι.
1110 4181 1151 4234 54.
1169 4180 1203 4235 92
1221 4209 1254 4218 -
1272 4181 1311 4236 66
1330 4179 1411 4236 Hebr.
1430 4184 1487 4244 1‚1

426 4329 444 4384 6
467 4330 516 4385 καί
534 4330 571 4384 V¹
589 4330 653 4384 aR.
687 4331 691 4397 Ι
726 4329 879 4398 emoneo)
898 4329 945 4395 V*,
965 4346 1032 4384 corr.
1051 4328 1103 4391 V¹;
1121 4331 1176 4400 τις).
1196 4331 1220 4385 S.
1239 4333 1327 4397 33,18
1350 4333 1354 4397 Ι
1380 4332 1416 4387 11
1436 4326 1566 4397 ἐξουσίαν
1583 4326 1643 4383 ανδ

341 4431 379 4485 st.
397 4430 483 4496 δόξαν
501 4431 526 4483 V
558 4433 563 4500 Ι
597 4431 634 4487 19
662 4426 697 4500 ἦν
715 4430 777 4484 and.
796 4430 834 4485 St.
866 4432 870 4498 Ι
904 4429 1074 4487 2111δείι.
1094 4431 1202 4500 Klvgl.
1222 4432 1306 4500 698,
1326 4433 1386 4500 161
1419 4432 1457 4488 26
1478 4428 1644 4504 Μαρκέλλου

340 4543 382 4583 mr
400 4529 558 4604 Μαρκέλλω
577 4534 602 4587 V
626 4536 630 4601 Ι
654 4532 694 4589 63
713 4530 799 4601 αὐτὴν
817 4533 892 4587 Zahn
910 4532 966 4602 vgl.
984 4532 1010 4587 2.
1029 4534 1070 4587 26.
1100 4532 1125 4586 S.
1145 4532 1202 4599 101,
1222 4535 1262 4589 12.
1281 4536 1336 4601 105,
1356 4537 1390 4590 34
1406 4532 1482 4602 ἡμᾶς
1498 4544 1539 4586 mr
1555 4536 1603 4584 νῦν
1622 4526 1642 4579 V

340 4636 384 4701 (zu
401 4634 470 4688 strf?
487 4633 549 4702 We)
