3674 5506
309 470 367 534 168
890 458 1024 515 Eusebius

388 634 429 702 12
459 625 545 700 άλλά
577 623 618 697 σά
646 654 684 715 γε
713 620 897 707 άναλαβών
926 622 991 714 τήν
1022 620 1241 751 εόαγγελικήν
1267 625 1417 717 γραφήν,
1453 634 1517 699 θέα
1548 626 1613 718 τήν
1646 636 1793 709 έρμηνεά

304 734 419 801 πᾶσαν
440 733 503 800 τοῦ
525 732 681 816 σωτῆρος
707 721 806 815 ήμῶν
828 721 1095 797 διδασκαλίανυ
1076 753 1173 808 οπως
1200 723 1241 798 06
1265 720 1386 814 περὶ
1368 756 1408 816 ης
1428 722 1613 855 άνείληφεν
1631 706 1808 846 ᾗῇξξαήέ,

305 826 427 915 σαρκός
457 835 641 917 διελέγετο,
670 833 749 915 περί
778 830 814 895 δέ
844 829 908 896 τοῦ
936 831 1099 914 μυστικοῦ
1128 823 1285 915 στόματός
1315 855 1353 898 τε
1383 832 1439 898 καί
1465 831 1614 917 αίματος.
1677 847 1763 910 ξεως

304 926 419 1016 ἐπειδή
442 926 504 1018 γάρ
532 947 605 1011 τοις
630 925 781 998 πέντε
760 953 879 1014 αρτοις
909 926 1054 1013 ἔθρεψεν
1083 925 1128 998 τὰ
1157 923 1290 1015 πλήθη,
1322 931 1470 1015 μέγαδὲ
1499 933 1615 1016 θαῦμα

269 1034 409 1099 ὅτοῦτο
431 1035 597 1117 παρέσχεν
618 1045 691 1110 τοῖς
712 1022 914 1114 ἑωρακόσιν,
944 1020 1115 1097 Ἰουδαίων
1145 1031 1181 1096 δὲ
1211 1028 1243 1099 οί
1273 1036 1428 1099 πλεῖστοι
1457 1030 1615 1113 έξευτελί·

303 1139 420 1214 ζοντες
441 1129 483 1201 τό
506 1127 646 1219 γεγονός
668 1130 786 1215 ἔλεγον
808 1121 903 1215 αὐτῷ
929 1131 981 1194 »τί
996 1117 1059 1195 οὖν
1072 1144 1181 1207 ποιεῖς
1196 1124 1237 1196 σύ
1251 1142 1399 1214 σημεῖον,
1422 1128 1477 1198 ίνα
1491 1130 1615 1215 ἴδωμεν

301 1236 358 1299 καί
387 1227 654 1317 πιστεύσωμενι,
687 1226 761 1298 είτα
789 1231 1006 1313 παρέβαλλον
1032 1220 1073 1294 τό
1099 1221 1212 1313 μάννα
1239 1222 1280 1295 τό
1302 1228 1341 1296 έν
1362 1232 1406 1314 τῇ
1426 1222 1540 1316 ἐρήμῳ
1562 1232 1614 1297 λέ·

301 1356 422 1417 γοντες
452 1327 502 1400 »οί
523 1335 666 1415 πατέρες
693 1324 792 1417 ήμῶν
823 1324 863 1397 τό
893 1323 1005 1412 μάννα
1035 1324 1164 1413 ίφαγον
1193 1329 1231 1395 έν
1261 1331 1304 1413 τῇ
1333 1322 1462 1414 ἐρήμῳ,
1492 1324 1613 1407 καδοός

302 1432 395 1498 ἐστιν
416 1432 658 1517 γεγραμμένον·
694 1424 803 1515 ἄρτον
833 1429 870 1498 έκ
900 1431 963 1497 τοῦ
994 1420 1142 1515 οὐρανοῦ
1168 1427 1296 1495 ἔδωκεν
1322 1420 1438 1508 αὐτοῖς
1460 1442 1610 1513 φαγεῑνι,

250 1537 285 1591 10
301 1524 388 1613 πρὸς
409 1533 518 1597 ταῦτα
540 1521 559 1598 6
582 1524 696 1648 σωτήρ
718 1522 925 1612 ἀπεκρίνατο
951 1522 1077 1650 »μάμήν
1079 1519 1169 1614 άμήν
1191 1528 1280 1614 λέγω
1301 1519 1393 1644 ὗμιν,
1421 1520 1463 1595 06
1484 1529 1646 1612 Μωοής2

302 1631 449 1698 δέδωκεν
470 1621 550 1716 όμῑν
571 1623 635 1696 τόν
657 1623 765 1713 άρτον
785 1629 824 1696 έκ
845 1631 908 1697 τοῦ
930 1623 1086 1749 0666606,
1109 1618 1183 1695 ἀλλ’
1206 1617 1226 1695 6
1247 1620 1362 1712 πατήρ
1384 1652 1450 1713 μου
1471 1628 1612 1694 δίδωσιν

300 1722 377 1811 όμῑν
401 1725 464 1798 τόν
487 1724 594 1813 άρτον
616 1722 679 1795 τόν
700 1721 870 1815 ἀληθινόν
892 1729 930 1796 ἐκ
951 1730 1015 1797 τοῦ
1036 1722 1213 1812 οάρανοῦι.
1257 1725 1307 1794 είτ
1308 1718 1496 1811 ’ἐπιφέρει
1525 1722 1610 1811 »έγοό

302 1820 409 1915 είμι
390 1855 408 1897 ο
432 1824 535 1913 ἄρτος
557 1830 618 1913 τῆς
640 1829 746 1946 ζωήςι
779 1830 835 1895 καὶ
858 1822 962 1895 πάλιν
995 1824 1079 1943 »676
1107 1817 1213 1912 εἰμι(
1194 1852 1213 1895 ο
1236 1820 1342 1910 άρτος
1363 1818 1383 1893 6
1404 1820 1553 1907 καταβάς
1575 1825 1613 1892 έκ

301 1929 364 1995 τοῦ
386 1920 552 2014 οόρανοῦι
584 1929 640 1995 καί
672 1917 772 2007 αὖθις
805 1917 843 1993 τό
869 1922 948 1994 δέ”
928 1952 1032 2012 αρτος
1054 1917 1095 1994 όν
1116 1923 1183 2014 έγώ
1214 1921 1316 1993 δεόσω
1348 1920 1388 1993 τό
1419 1918 1515 2011 σῶμά
1544 1919 1612 2008 μοό

249 2036 282 2090 15
300 2028 422 2095 έστινι.
444 2031 499 2095 καὶ
514 2020 618 2095 πάλιν
632 2030 859 2113 προστίθησιν
872 2020 977 2114 »άμήν
993 2019 1081 2113 άμήν
1103 2028 1193 2112 λέγω
1207 2018 1295 2110 ὑμῖν,
1310 2020 1371 2093 ἐὰν
1385 2019 1462 2111 <μή>
1479 2018 1610 2111 φάγητε

301 2121 366 2212 τήν
388 2121 494 2209 σάρκα
513 2128 576 2194 τοῦ
597 2124 672 2194 υίοῦ
693 2128 757 2195 τοῦ
786 2118 979 2212 άνίίραόπου
1008 2130 1064 2193 καὶ
1094 2129 1195 2211 πίητε
1229 2118 1335 2194 αὐτοῦ
1357 2118 1397 2192 τό
1420 2120 1514 2209 αίμα,
1545 2117 1609 2191 οὐκ

300 2225 390 2311 ἔχετε
413 2221 505 2312 ζωήν
526 2227 564 2294 έν
585 2223 726 2306 ἑαυτοῖς.
769 2218 958 2312 ότροόγων
987 2251 1054 2308 μου
1079 2220 1144 2311 τήν
1174 2217 1281 2309 σάρκα
1313 2229 1369 2290 καί
1399 2227 1513 2292 πίνων
1543 2234 1642 2311 μου3

300 2318 339 2391 τό
362 2321 441 2411 αίμα
464 2324 529 2409 ἔχει
556 2321 649 2412 ζωήν
678 2321 835 2405 αἰώνιον,
866 2317 960 2412 κάγώ
991 2317 1173 2409 άναστήσω
1204 2316 1312 2392 αότόν
1341 2324 1379 2391 έν
1408 2328 1452 2408 τῇ
1484 2317 1607 2409 ἐσχάτη

300 2417 411 2542 ήμέρα.
455 2416 475 2510 6
505 2421 569 2509 γάρ
595 2418 677 2511 σάρξ
701 2450 767 2511 μου
793 2418 926 2511 άληδής
947 2425 1039 2493 ἐστιν
1077 2427 1082 2507 Ι
1119 2427 1252 2507 βρῶσις,
1283 2427 1339 2490 καί
1369 2416 1410 2490 τό
1441 2417 1521 2509 αίμά
1541 2446 1606 2507 μου
1626 2440 1691 2497 180

247 2532 282 2587 20
298 2516 430 2609 άληθής
451 2524 544 2593 ἐστιν
565 2518 672 2605 πόσις.
714 2517 733 2593 6
760 2519 907 2610 τρώγων
932 2547 1013 2643 μου.
1026 2518 1092 2608 τήν
1120 2515 1229 2639 σάρκα
1257 2527 1313 2590 καὶ
1338 2526 1452 2591 πίνων
1468 2547 1542 2638 μου
1563 2518 1641 2595 τόι

298 2618 377 2709 αίμα
399 2624 514 2693 87¹6
535 2625 608 2709 έμοί
629 2627 721 2709 μένει
742 2616 898 2740 κάγώέν
921 2616 1045 2709 αότῷι.
1087 2625 1197 2690 ταῦτα
1227 2625 1283 2690 καί
1314 2617 1357 2690 τὰ
1385 2625 1528 2691 τοιαῦτα
1548 2646 1606 2707 μυ-

297 2719 509 2807 στικοάτερον
544 2717 652 2792 αὐτοῦ
688 2717 871 2806 διεξιόντος
907 2725 999 2802 τινες
1035 2724 1109 2789 τῶν
1148 2714 1255 2841 μότοῦ
1293 2724 1465 2808 μαθητῶν
1508 2719 1606 2840 είμον

301 2815 463 2908 »σκληρός
485 2814 618 2891 έστιν
598 2849 617 2891 ο
640 2816 750 2910 λόγος
774 2826 826 2901 τίς
846 2817 988 2891 δύναται
1010 2814 1116 2888 αὐτοῦ
1137 2812 1306 2903 άκοόειν;ι
1335 2815 1423 2905 πρὸς
1446 2812 1504 2899 οός
1527 2814 1604 2889 άπε-

296 2914 480 3037 κρίνατο
461 2948 480 2990 ο
503 2918 619 3008 σωτήρ
642 2926 753 3006 λέγων
777 2924 899 2990 »τοῦτο
921 2915 1006 3007 ὑμᾶς
1032 2921 1257 3003 σκανδαλίςεη
1282 2910 1404 2989 έάν
1364 2946 1426 2990 ουν
1446 2922 1604 3005 θεωρῆτε

245 3030 278 3083 25
297 3016 360 3088 τόν
395 3015 471 3089 υίόν
505 3025 569 3090 τοῦ
599 3015 789 3106 ἀνθρώπου
819 3014 1049 3102 άναβαίνοντα
1079 3009 1167 3088 όπου
1195 3007 1240 3105 ήν
1269 3016 1311 3088 τό
1340 3015 1526 3106 πρότεροιη
1561 3015 1640 3094 τ65

294 3114 426 3239 πνεῦμά
448 3116 598 3189 ἐστιν
561 3147 602 3190 το
626 3124 835 3206 ζωοποιοῦν,
869 3114 998 3208 ήσὰρξ
1024 3112 1086 3189 οὐκ
1113 3112 1241 3202 οόφελεῑ
1262 3113 1373 3188 οὐδέν·
1404 3117 1449 3189 τὰ
1469 3115 1603 3207 ῥήματα

296 3213 316 3285 6
339 3213 510 3306 λελάληκα
539 3214 618 3307 ὑμῖν
646 3215 778 3306 πνεῦμά
808 3222 901 3289 ἐστιν
926 3223 982 3288 καὶ
1010 3212 1080 3304 ζωή
1107 3219 1229 3286 έστινι.
1271 3211 1313 3286 δι’
1345 3208 1397 3288 σόν
1429 3221 1604 3288 ἐπαίδευεν

296 3311 419 3399 αὐτοὺς
448 3324 685 3407 πνευματικῶς
713 3314 849 3389 άκοάειν
871 3324 944 3388 τῶν
965 3321 1043 3404 περὶ
1065 3320 1126 3403 τῆς
1148 3312 1271 3403 σαρκός
1292 3323 1348 3386 καὶ
1370 3322 1434 3387 τοῦ
1463 3315 1605 3406 αίματος

295 3412 402 3487 αὐτοῦ
424 3424 648 3506 λελεγμένων·
670 3417 714 3508 μὴ
741 3415 805 3507 γάρ
827 3416 893 3507 τήν
914 3413 1020 3504 σάρκα
1041 3420 1066 3503 <,
1086 3420 1217 3504 φησίν,>
1238 3411 1282 3504 ήν
1302 3422 1490 3504 περίκειμαι
1512 3422 1603 3504 νομί-

244 3530 277 3583 30
294 3521 377 3604 σητέ
396 3543 436 3605 με
457 3523 574 3603 λέγειν,
596 3514 645 3599 αός
667 3523 746 3588 δέον
767 3514 876 3606 αὐτὴν
897 3520 1037 3599 ἐσθίειν,
1060 3518 1142 3604 μηδὲ
1163 3512 1204 3585 τὸ
1226 3515 1396 3604 αἰσθητὸν
1417 3523 1472 3586 καί
1494 3538 1603 3603 σωμα-

293 3612 392 3684 τικόν
413 3614 493 3702 αἷμα
515 3623 627 3686 πίνειν
640 3612 898 3739 ήπολαμβάνετέ
916 3642 956 3704 με
977 3609 1215 3705 προστάττειν,
1238 3609 1311 3685 ἄλλ’
1327 3606 1364 3685 εὖ
1381 3617 1451 3686 ίστε
1467 3607 1524 3685 ότι
1541 3613 1603 3685 »τά

293 3709 426 3835 ῥήματά
446 3743 512 3804 μου
533 3710 555 3783 6
582 3710 751 3803 λελάληκα
777 3713 855 3805 όμῑν
880 3712 1012 3837 πνεῦμά
1043 3718 1136 3784 ἐστιν
1165 3719 1221 3785 καὶ
1252 3710 1323 3803 ζωή
1353 3718 1481 3797 έοτινι,
1513 3710 1602 3785 οόστε

294 3809 379 3884 αὐτὰ
409 3811 563 3885 είναι
526 3842 568 3883 τα
599 3810 732 3903 ῥήματα
762 3820 819 3885 καί
849 3814 930 3898 τούς
960 3813 1083 3904 λόγους
1114 3812 1238 3896 αὐτοὺς
1269 3813 1333 3934 τήν
1355 3811 1471 3933 σάρκα
1482 3821 1538 3884 καί
1561 3813 1602 3885 τό

293 3909 383 4002 αἷμα,
407 3903 458 3982 οόν
479 3941 498 3984 ο
488 3908 713 4002 Ημετέχων
693 3918 742 3985 αεὶ
765 3909 931 3985 ιόοανεὶ”
910 3943 1005 4002 αρτω
1028 3911 1176 4007 οὐρανίῳ
1200 3910 1409 4004 τρεφόμενος
1429 3919 1506 4031 τῆς.
1506 3909 1602 4001 οόρα·

241 4027 275 4081 35
293 4022 369 4085 νίου
389 4018 521 4123 μεθέξει
545 4017 641 4101 ζωῆς.
682 4012 727 4102 μή
750 4011 791 4101 δή
814 4005 886 4098 οὖν,
918 4020 1037 4102 φησίν,
1065 4008 1358 4101 σκανδαλιζέτω(
1337 4018 1422 4102 υμᾶς
1444 4018 1559 4097 τοῦτο,
1582 4006 1639 4083 66

376 4183 428 4239 411
443 4183 504 4239 Joh
523 4184 548 4247 6,
566 4184 607 4238 13.
626 4185 708 4237 14-
726 4183 824 4239 6J0h.
842 4185 867 4249 6,
885 4183 968 4239 30-
987 4182 1086 4239 8J0h
1104 4186 1127 4251 6,
1146 4187 1235 4240 31-
1262 4184 1302 4240 1⁰
1319 4183 1381 4238 Joh.
1398 4183 1533 4249 632-
1562 4182 1600 4237 12

273 4282 353 4337 'J0h.
371 4286 395 4350 6,
412 4285 446 4339 35
463 4313 496 4323 -
516 4284 554 4340 18
572 4284 634 4338 Joh.
652 4285 677 4350 6,
693 4287 726 4339 41
745 4314 778 4323 -
798 4284 836 4340 14
854 4284 916 4340 Joh.
929 4286 995 4351 651
1013 4314 1046 4323 -
1066 4284 1103 4340 15
1121 4285 1182 4340 Joh.
1201 4288 1225 4351 6,
1234 4285 1337 4342 53-56
1353 4314 1387 4324 -
1405 4283 1445 4340 28
1463 4282 1602 4350 Joh.6,60

290 4414 324 4424 —
343 4384 382 4440 24
400 4384 462 4439 Joh.
480 4385 504 4449 6,
522 4386 624 4440 61-63
1211 4412 1213 4416 ⁴

378 4537 394 4590 l
422 4534 482 4589 hier
499 4552 523 4590 α.
541 4534 572 4589 Β.
596 4528 677 4591 ta'V
710 4536 715 4602 Ι
748 4536 785 4591 16
811 4528 850 4605 μή
868 4534 914 4592 tib.
932 4536 957 4590 d.
976 4536 1007 4591 Z.
1025 4537 1064 4591 V²
1094 4537 1099 4605 1
1133 4538 1171 4594 18
1197 4533 1280 4608 κάγὼ
1298 4536 1345 4591 ΝΤ
1366 4532 1472 4592 καίτῶ
1491 4534 1532 4589 V*
1550 4536 1599 4589 καί

290 4632 348 4705 ἐγώ
367 4635 405 4686 V²
428 4637 432 4703 Ι
455 4635 495 4691 29
514 4635 597 4704 φησίν
616 4636 651 4690 Kl
664 4635 719 4705 vgl.
733 4638 758 4691 Z.
768 4638 802 4693 35
817 4641 821 4704 Ι
836 4637 876 4694 86
894 4633 981 4693 αὐτοῦ
998 4639 1032 4703 V,
1050 4654 1117 4693 corr.
1136 4637 1245 4706 10185
1262 4638 1302 4706 μή
1320 4629 1396 4691 δ’σῦν
1414 4636 1462 4701 V*,
1480 4635 1599 4691 μοναί72
