3728 5508
119 1052 134 1105 5

106 2041 136 2095 15

108 2534 139 2589 29

609 480 706 533 eontra
722 478 884 534 Marcellum
902 479 928 532 11
945 478 970 531 3.
987 483 1012 532 4.
1421 485 1461 547 53

209 636 408 723 ἀπόστολός
431 664 534 729 φησιν
554 640 770 727 παραδώσειν
785 640 850 730 τήν
863 648 1043 727 βασιλείαν,
1065 637 1227 731 δηλονότι
1242 647 1294 731 τῷ
1316 647 1389 729 θεῷ
1410 645 1461 729 τῷ

206 736 465 829 καταστήσαντι
487 735 603 823 αὑτόν,
626 736 674 824 οἷς
696 736 717 829 ή
738 739 852 830 γραφή
875 764 986 830 φησιν,
1008 747 1153 826 βασιλέα.

147 846 199 911 καὶ
221 835 304 928 μεθ’
329 840 427 927 ἕτερα
448 834 543 911 οὑτω
565 836 712 929 γράφειΙ
1496 856 1576 924 4151

207 943 281 1028 (Nr.
300 947 373 1024 103)
396 935 523 1011 οδκοῦν
544 942 693 1030 ἐνεργείᾳ
713 935 801 1027 μόνη
824 937 878 1010 διὰ
901 937 966 1029 τήν
980 944 1041 1030 τῆς
1056 937 1179 1030 σαρκός
1199 937 1373 1029 πρόφασιν
1387 939 1463 1027 ἄχρι

208 1037 387 1112 τοσούτου
400 1046 606 1127 κεχωρίσθαι
621 1044 684 1109 τοῦ
697 1037 830 1129 πατρὸς
849 1047 1017 1126 φαίνεται,
1040 1037 1116 1128 ἀχρι
1138 1031 1178 1112 οὑ
1201 1037 1244 1111 ἀν
1266 1034 1286 1111 ό
1308 1039 1463 1128 προσιὼν

208 1143 273 1228 τῆς
295 1144 440 1229 κρίσεως
461 1134 621 1227 ἀναφανῇ
643 1135 774 1229 καιρός,
801 1141 856 1210 ἵνα
878 1145 953 1209 των
974 1144 1162 1228 τηνικαῦτα
1181 1135 1464 1228 ’έκκεντησάντων

207 1237 303 1309 κατὰ
325 1236 391 1327 τήν
411 1245 628 1328 προφητείαν
650 1234 858 1327 ἑωρακότων
873 1236 936 1309 τόν
952 1242 1210 1328 έκκεντηθέντα,
1233 1231 1327 1311 οότω
1348 1235 1461 1309 καὶτὸ

208 1335 420 1427 λειπόμενον
450 1333 655 1421 ἀκολούθως
683 1343 830 1427 γένηται.
877 1334 1024 1409 πάντων
1050 1337 1113 1427 γάρ
1135 1342 1172 1409 έν
1194 1345 1246 1428 τῷ
1267 1344 1375 1427 καιρῷ
1399 1342 1463 1408 τοῦ
1496 1357 1513 1410 5

209 1443 337 1520 τέλους
362 1431 615 1509 ὑποτάσσεσθαι
645 1434 847 1527 μελλόντων
877 1444 929 1528 τῷ
953 1443 1107 1527 Χριστῷ,
1139 1433 1187 1521 οός
1219 1432 1238 1508 ό
1269 1434 1464 1517 ἀπόστολος

209 1539 295 1626 ἔφη,
328 1542 515 1626 τηνικαῦτα
546 1532 669 1621 »αὐτὸς
699 1533 950 1628 ὑποταγήσεται
980 1544 1032 1627 τῷ
1062 1534 1275 1625 ὑποτάξαντι
1303 1532 1398 1627 αὐτῷ
1421 1535 1464 1607 τὰ

208 1634 361 1710 πάντας.
404 1644 438 1707 τί
460 1644 578 1708 τοίνυν
598 1631 819 1727 μανθάνομεν
839 1642 915 1725 περὶ
938 1643 1000 1726 τῆς
1021 1634 1246 1727 ἀνθρωπίνης
1267 1632 1400 1725 σαρκός,
1423 1634 1465 1726 ἣν

211 1733 253 1810 δι’
280 1733 368 1827 ἡμᾶς
392 1732 578 1825 ἀνείληφεν
608 1728 627 1806 ό
655 1732 756 1825 λόγος
785 1735 854 1826 πρὸ
884 1746 1116 1826 τετρακοσίων
1147 1734 1208 1826 οὑχ
1238 1730 1332 1809 ὅλων
1362 1739 1466 1817 &afim

213 1831 402 1924 (πότερόν>
423 1863 511 1908 ποτε
533 1832 664 1924 ταύτην
677 1842 734 1907 καὶ
749 1841 786 1908 ἐν
802 1853 876 1919 τοίς
890 1842 1072 1927 μέλλουσιν
1095 1842 1214 1908 αἰῶσιν
1235 1832 1254 1908 ὁ
1277 1832 1379 1924 λόγος
1395 1836 1466 1921 έζει,

211 1933 234 2025 ἢ
257 1936 338 2026 ἄχρι
358 1930 468 2024 μόνου
489 1940 553 2007 τοῦ
575 1941 637 2025 τῆς
657 1943 797 2024 κρίσεως
823 1942 960 2026 καιροῦ,·
996 1934 1125 2027 ἀνάγκη
1156 1936 1219 2026 γὰρ
1249 1935 1291 2008 τὸ
1313 1931 1381 2008 ὑπὸ
1403 1939 1467 2007 τοῦ

212 2032 403 2125 προφήτου
428 2038 552 2122 λεχθὲν
577 2035 665 2125 ἔργῳ
687 2041 925 2125 βεβαιωθῆναι.
970 2029 1136 2125 νόφονται
1158 2035 1239 2125 γάρι
1269 2042 1373 2127 φησὶν
1401 2039 1467 2119 »είς

212 2130 257 2206 ὃν
280 2140 534 2223 ἐζεκέντησανι·
565 2137 787 2223 ἐξεκέντησαν
808 2139 844 2207 δέ
866 2133 1029 2227 δηλονότι
1050 2134 1116 2225 τήν
1137 2131 1253 2224 σάρκα.

151 2243 206 2306 καὶ
228 2241 462 2325 προστίθησιν
483 2228 559 2323 μεθ’
583 2233 681 2322 έτερα
703 2240 815 2323 λέγων
1498 2266 1515 2318 6

214 2338 286 2422 (Nr.
310 2340 381 2433 104)
409 2326 464 2414 ὅτι
491 2329 554 2421 γάρ
581 2328 643 2423 οδχ
668 2329 710 2406 ἵν’
733 2329 753 2406 ό
780 2330 884 2423 λόγος
910 2331 1076 2424 ω’φεληθή
1104 2333 1170 2424 τήν
1192 2330 1357 2424 ἡμετέραν
1380 2331 1466 2406 ἀνεί-

215 2444 330 2524 ληφεν
351 2429 467 2520 σάρκα,
489 2427 564 2504 ἀλλ’
580 2427 672 2522 ίναή
694 2430 776 2522 σάρξ
798 2432 853 2505 διὰ
874 2432 939 2523 τήν
959 2431 1047 2524 πρὸς
1068 2431 1133 2504 τόν
1153 2430 1260 2522 λόγον
1279 2441 1467 2506 κοινωνίαν

216 2531 412 2614 ἀθανασίας
426 2529 520 2619 τύχη,
543 2527 651 2620 δῆλόν
669 2536 763 2603 έστιν
783 2539 837 2603 καί
854 2528 912 2605 ἀπ’
928 2530 1032 2623 αὑτῆς
1053 2537 1115 2622 τῆς
1137 2539 1200 2605 τοῦ
1215 2540 1371 2623 σωτῆρος
1386 2528 1468 2605 ἀπο·

217 2629 366 2720 φάσεως.
407 2629 571 2720 περὶγὰρ
593 2637 655 2721 τῆς
681 2628 817 2721 σαρκός,
849 2628 893 2721 ἣν
923 2633 1010 2721 έχων
1040 2629 1158 2722 (ὁμίλει
1188 2649 1261 2714 τοις
1289 2643 1468 2719 μαθηταῖς,

217 2728 316 2803 οὕτω
337 2735 425 2819 λέγει
449 2734 574 2802 »τοῦτο
596 2727 681 2819 ὑμᾶς
703 2739 930 2818 σκανδαλίζει,·
951 2731 1011 2805 ἐάν
1032 2724 1096 2805 οὑν
1117 2736 1211 2822 ἴδητε
1231 2730 1296 2804 τόν
1316 2729 1390 2802 υίὸν
1405 2738 1469 2803 τοῦ

217 2828 416 2921 ἀνθρώπου
437 2827 586 2903 ἀπιόντα
608 2824 697 2901 όπου
718 2821 762 2919 ήν
782 2829 825 2902 τὸ
850 2828 1035 2920 πρότερον;
1071 2832 1112 2905 τὸ
1139 2836 1271 2921 πνεῦμα
1298 2842 1467 2919 ζωοποιεῖ,

218 2926 240 3022 ή
265 2929 349 3020 σὰρξ
370 2926 470 3002 οόδέν
491 2927 645 3017 (ἀφελεῑι.
682 2933 711 3000 εί
725 2921 788 3000 οὖν
802 2924 962 3021 όμολσγεί
982 2931 1047 3022 τήν
1068 2928 1175 3019 σάρκα
1197 2937 1300 3021 μηδὲν
1322 2928 1469 3017 ἀφελεῖν

219 3026 345 3115 αὐτόν,
375 3035 452 3111 πῶς
477 3033 619 3118 έγγωρεῑ
642 3027 708 3117 τήν
733 3031 770 3100 ἐκ
796 3035 856 3121 γῆς
878 3060 916 3103 τε
937 3023 1044 3103 οὖσαν
1063 3037 1120 3104 καὶ
1141 3036 1246 3121 μηδέν
1267 3028 1469 3117 ω’φελοῦσαν

218 3135 277 3200 καὶ
299 3133 337 3200 έν
358 3146 432 3212 τοῖς
452 3136 633 3219 μέλλουσιν
653 3130 773 3200 αἰῶσιν
794 3125 842 3212 οὑς
863 3125 957 3219 αὐτῷ
980 3138 1223 3203 λυσιτελοῦσαν
1245 3147 1394 3202 συνεῖναι
1416 3135 1467 3218 τῷ

220 3225 330 3318 λόγῳ,·
352 3226 408 3301 διὰ
429 3232 535 3299 τοῦτο
551 3224 614 3316 γάρ
628 3256 686 3316 μοι
701 3234 796 3300 δοκεῖ
813 3223 904 3300 καλό
925 3227 1179 3319 παντοκράτωρ
1201 3225 1369 3319 δεσπότης
1382 3228 1468 3318 πρός
1502 3255 1517 3308 7

219 3323 329 3400 αὑτὸν
351 3333 460 3415 λέγειν
486 3323 617 3400 »κάθου
636 3331 673 3400 έκ
694 3332 816 3414 δεξιῶν
836 3355 902 3417 μου
923 3329 988 3412 ἕως
1003 3326 1046 3400 ἀν
1067 3336 1123 3418 θῷ
1146 3327 1227 3412 τοὺς
1248 3327 1392 3419 ἐχθρούς
1406 3352 1468 3402 σου

219 3422 415 3499 ὑποπόδιον
436 3433 510 3498 τῶν
531 3432 652 3497 ποδῶν
670 3450 761 3499 σουε.
801 3431 948 3520 ἐνεργείᾳ
969 3424 1057 3517 μόνη
1079 3426 1134 3500 διὰ
1156 3427 1222 3517 τήν
1243 3427 1470 3520 ἀνθρωπίνην

220 3524 329 3614 σάρκα
349 3535 506 3615 χωρίζειν
525 3520 635 3597 αὑτὸν
655 3533 771 3600 δοκῶν
792 3535 849 3599 καὶ
871 3525 985 3616 ὥσπερ
1011 3524 1118 3617 ῥητόν
1146 3554 1225 3599 τινα
1249 3522 1376 3614 χρόνον
1402 3522 1469 3617 ὁρί-

221 3637 294 3712 ζων
307 3623 404 3715 αὑτῷ
420 3632 481 3715 τῆς
493 3631 531 3697 έν
553 3628 643 3718 δεξιᾷ
662 3632 833 3717 καθέδρας
848 3619 943 3698 οὑτω
959 3634 1062 3717 φησίν
1082 3623 1169 3716 πρὸς
1192 3621 1298 3697 αὑτὸν
1322 3627 1406 3710 νέως
1426 3625 1469 3699 ἀν

226 3735 283 3818 θῷ
306 3726 388 3809 τοὺς
408 3722 553 3815 ἐχθρούς
576 3747 638 3796 σου
658 3721 851 3798 ὑποπόδιον
873 3734 946 3799 τῶν
966 3732 1088 3799 ποδῶν
1108 3748 1198 3797 σουι.
1242 3732 1404 3797 τοῦτοδὲ
1427 3725 1468 3797 τό
1502 3741 1520 3796 8

221 3825 441 3919 προφητικὸν
462 3830 526 3896 τοῦ
542 3829 645 3895 Δαυίδ
665 3823 773 3914 ῥητόν
794 3832 1003 3914 σαφέστερον
1025 3821 1103 3916 ήμίν
1124 3823 1320 3914 ἑρμηνεύων
1341 3820 1360 3897 ό
1382 3826 1470 3913 ἱερός

245 4045 489 4113 11Κοτ.15,24
506 4076 540 4086 ·-
558 4046 576 4101 2
596 4047 639 4101 Pe„
658 4048 682 4111 2,
701 4048 769 4103 6-
792 4046 1228 4115 71ου.19,37(1ει1.12,10)
1250 4074 1284 4085 -
1311 4045 1361 4102 811
1376 4046 1388 4099 Ι
1406 4045 1470 4102 Kor.

160 4157 200 4221 15,
217 4154 252 4209 28
268 4181 302 4192 -
322 4149 360 4206 15
378 4149 440 4205 Joh.
459 4150 500 4215 19,
518 4150 552 4203 37
570 4148 661 4217 (th.
680 4150 721 4212 12,
740 4149 783 4217 19)
800 4177 834 4187 -
853 4148 891 4205 22
910 4148 972 4204 Joh.
985 4149 1009 4213 6,
1028 4148 1131 4203 61-63
1148 4177 1181 4187 -
1210 4147 1247 4203 28
1263 4147 1308 4201 Pe.
1328 4147 1384 4212 199,
1404 4149 1418 4199 1
1437 4176 1470 4186 -

162 4253 373 4318 ⁸1Ps.109,1

246 4450 412 4523 Ῑδηλονδτι
431 4458 465 4511 <
486 4451 548 4504 and.
568 4450 608 4505 st.
634 4451 639 4518 Ι
668 4451 704 4506 ll
724 4451 752 4507 τί
768 4448 831 4506 and.
849 4450 887 4505 st.
906 4443 999 4504 8tsv
1027 4450 1032 4514 Ι
1060 4449 1099 4505 19
1117 4447 1241 4520 πότερόν
1263 4467 1334 4505 ποτε
1352 4428 1418 4505 ευδ.
1434 4449 1473 4504 St.

162 4556 258 4613 rbteV
274 4555 279 4622 Ι
296 4553 335 4612 15
349 4547 423 4627 ἔργῳ
433 4552 472 4606 V²
489 4546 576 4621 ἔργον
591 4552 631 4607 V*
659 4553 664 4620 Ι
692 4553 732 4608 29
750 4545 800 4608 ἀπ’
816 4570 836 4622 g
853 4542 943 4605 fm‘v
970 4551 974 4617 Ι
1002 4549 1041 4606 29
1058 4545 1099 4615 ὼς
1120 4543 1212 4616 αδτως
1223 4551 1265 4604 V*
1282 4545 1418 4616 όνσαὺτως
1436 4550 1475 4603 V²

164 4660 168 4723 ί
199 4658 237 4713 27
257 4653 476 4727 παντοκράτωρ]
495 4659 527 4717 -ί-
545 4651 615 4719 θεδς
632 4650 649 4708 ὁ
668 4653 731 4707 and.
749 4654 787 4708 st.
812 4654 817 4721 Ι
844 4653 884 4708 89
901 4651 996 4706 δοκῶν
1013 4650 1077 4705 and.
1096 4651 1134 4707 91.
1152 4653 1229 4706 δοκῶ
1247 4651 1271 4703 V
